3092 4984
700 348 730 410 V

214 507 252 571 iu
275 504 384 570 medio
408 512 448 570 ut
470 503 626 589 propulsa
647 524 706 567 suo
730 503 895 568 condensa
916 505 1026 580 dohet,

214 620 285 675 tem
310 608 415 692 magis
439 628 609 692 expremus
631 606 734 670 selsus
757 606 799 671 de
821 628 952 691 corpore
975 605 1074 671 sudor

214 711 358 796 augebat
383 731 473 774 mare
498 708 664 773 manando
687 729 885 793 camposque
907 711 1061 788 mantis,

213 823 249 879 et
272 822 368 878 tanto
390 812 496 898 magis
519 812 577 876 illa
594 811 679 876 fores
702 812 814 877 elnbsa
836 813 992 879 volabant

214 939 350 1004 corpora
372 917 479 981 multa
499 915 628 1001 vaporis
651 925 685 980 et
707 915 792 980 aeris
812 916 946 1002 altaque
968 919 1050 982 eseli
1231 938 1299 1001 490

213 1018 397 1084 densebant
420 1017 534 1104 procul
556 1040 577 1081 a
598 1017 694 1081 terris
715 1017 879 1102 fulgentia
898 1020 1031 1104 templa

214 1120 507 1206 sidebanteampi,
530 1120 720 1186 crescebant
742 1121 911 1186 montibus
934 1122 1011 1187 altis

214 1246 387 1304 eseensus;
408 1245 517 1309 neque
539 1223 630 1289 enim
651 1233 806 1308 poterant
827 1223 995 1290 subsidere
1015 1247 1095 1290 saxa

213 1348 275 1392 nee
296 1326 421 1413 pariter
441 1325 641 1392 tantundem
663 1348 776 1392 omnes
797 1328 1008 1393 succumbere
1028 1328 1138 1414 partis

258 1429 313 1495 Sic
335 1429 438 1515 igitur
458 1438 566 1496 terrae
588 1439 739 1496 concreto
761 1452 892 1515 corpore
913 1431 1041 1516 pondus
1228 1447 1291 1514 493

213 1533 363 1598 constitit
385 1542 485 1619 atque
507 1532 614 1598 omnis
637 1531 754 1597 mundi
776 1533 870 1616 quasi
891 1533 990 1598 limus
1011 1533 1047 1598 in
1068 1534 1172 1600 imum

180 1707 186 1716 ,
213 1635 372 1701 confluxit
395 1637 503 1722 gravis
526 1645 561 1701 et
582 1635 730 1701 subsedit
753 1635 903 1700 fimditus
924 1646 962 1701 ut
983 1635 1076 1718 men

214 1736 292 1802 inde
313 1760 404 1803 mare
427 1737 503 1802 inde
526 1759 583 1802 aer
604 1736 681 1802 inde
703 1737 819 1802 aether
840 1737 960 1821 ignifer
981 1738 1051 1823 ipse

214 1839 401 1925 corporibus
423 1839 556 1926 liquidis
576 1847 655 1905 sunt
677 1840 789 1904 omnia
808 1862 894 1925 pura
914 1839 1034 1919 relicta

214 1952 250 2008 et
271 1943 394 2008 leviora
415 1943 488 2008 aliis
509 1943 582 2021 alia,
606 1951 641 2008 et
663 1944 899 2029 liquidissimus
919 1944 1034 2010 aether
1233 1959 1298 2025 500

216 2054 317 2131 etque
340 2045 524 2111 levissimus
546 2045 651 2112 aerias
672 2068 771 2132 super
792 2046 903 2110 influit
923 2067 1027 2122 arnse,

216 2170 277 2213 nec
299 2147 463 2234 liquidum
485 2170 601 2234 eorpus
622 2148 834 2213 turbantibus
855 2147 939 2212 aeris
960 2148 1047 2213 auris

214 2254 422 2335 dommiseet3
444 2253 524 2318 sinit
546 2253 627 2318 haee
650 2253 803 2318 violentis
824 2252 936 2320 omnia
956 2252 1042 2317 verti

215 2357 411 2435 turbinibus,
433 2357 515 2422 sinit
536 2357 669 2424 incertis
691 2357 825 2422 turbare
846 2357 1003 2442 procellis,

215 2460 285 2545 ipse
307 2482 382 2525 suos
404 2459 489 2545 ignis
510 2468 599 2525 eertu
619 2459 684 2524 fert
706 2459 830 2544 impete
852 2459 973 2524 lubens
1230 2475 1290 2542 505

216 2586 294 2628 nam
316 2564 442 2629 modice
463 2565 565 2630 fluere
587 2573 687 2649 atque
709 2585 778 2629 une
797 2586 891 2649 posse
912 2564 1047 2630 aethera
1066 2563 1141 2629 nisu

212 2667 375 2753 signifieat
397 2668 526 2745 Pontos,
550 2685 642 2733 mare
663 2677 753 2733 serto
774 2667 862 2753 quod
884 2667 958 2733 fluit
979 2675 1072 2734 aestu

212 2793 316 2835 unum
338 2769 470 2835 labendi
491 2792 684 2835 conservans
706 2792 811 2855 usque
832 2780 988 2836 tenorem

255 2873 416 2957 [Motibus
437 2882 599 2938 astrorum
620 2895 708 2938 nunc
730 2895 816 2957 quae
838 2872 882 2937 sit
903 2894 1001 2938 eausa
1021 2895 1184 2942 canamus

212 2976 373 3063 principio
394 2999 533 3063 magnus
555 2977 637 3042 caeli
659 2977 688 3041 si
709 2977 852 3042 vortitur
874 2977 968 3056 orbis,
1227 2991 1292 3058 510

213 3100 256 3142 ex
277 3088 417 3165 utraque
439 3080 552 3166 pulum
574 3079 661 3165 parti
683 3101 831 3165 premere
852 3101 929 3143 sera
950 3079 1042 3143 nobis

213 3180 390 3246 dicendum
411 3191 462 3247 est
484 3191 641 3267 extraque
662 3189 776 3246 tenere
797 3190 832 3245 et
853 3180 1003 3246 claudere
1024 3179 1208 3265 utrimque5

213 3282 290 3347 inde
311 3282 414 3348 ulium
435 3306 534 3370 supra
554 3284 656 3350 fluere
679 3295 779 3369 atque
801 3283 970 3349 intendere
993 3282 1107 3347 eodem

212 3407 278 3470 quo
299 3386 459 3451 volvenda
481 3387 604 3452 micant
625 3388 751 3453 aeterni
774 3387 880 3452 sidere
902 3384 1037 3466 mundi3

212 3489 394 3554 eutalium
416 3499 537 3576 supter,
560 3493 673 3556 contra
695 3490 751 3577 qui
773 3490 935 3555 subvehat
956 3488 1076 3566 orbem,
1224 3502 1284 3570 515

120 3675 222 3733 purten
239 3668 280 3717 for
297 3674 372 3718 rtum
404 3676 514 3720 atreum
531 3685 549 3719 a
567 3670 659 3720 tinen?
674 3677 749 3733 parts
768 3669 849 3720 hah.
860 3667 919 3720 who
935 3671 1058 3720 sennem
1075 3667 1288 3723 thiavetsevith

123 3749 170 3800 the
186 3749 259 3799 next.
291 3757 399 3798 extrema
417 3752 453 3801 ad
469 3752 561 3801 limina
576 3759 690 3815 eperum
700 3751 792 3803 Immb.
825 3768 847 3803 e.
859 3768 885 3801 a.
897 3753 915 3802 l.
926 3751 1118 3816 raptinBsntl.
1151 3754 1234 3803 radiis
1248 3753 1289 3804 tor

122 3833 195 3882 radit
213 3827 320 3880 ANiau·
339 3831 429 3881 Camb.
462 3834 560 3883 baurim
577 3833 650 3884 Niso.
673 3832 787 3883 morel
807 3834 898 3885 Gmb.
918 3838 967 3886 sta.
1082 3834 1130 3885 491
1146 3835 1289 3886 Demetsnt

123 3910 528 3970 hmbIaelutorDematant,
544 3927 574 3962 as
588 3926 636 3963 our
650 3927 714 3964 mss.
732 3914 762 3965 in
776 3915 812 3966 all
827 3915 1002 3979 otherplaaoe
1017 3916 1289 3970 manumetis

123 3993 305 4057 eonjugstion:
323 4008 366 4044 see
377 3994 468 4058 Wagn.
484 3999 512 4045 to
524 3995 593 4058 Virg.
612 4010 680 4059 geor.
697 4010 707 4046 1
724 3998 783 4047 248.
881 3999 929 4049 503
947 3999 1288 4062 emathaeorum

122 4075 163 4125 for
181 4076 324 4125 Commissi.
359 4078 427 4126 hacc.
462 4079 504 4126 hic
520 4077 779 4138 Bentl.andLaeh.;
796 4079 844 4130 but
861 4094 904 4132 see
918 4083 1030 4131 notent.
1127 4082 1289 4140 WPmrtor.

122 4172 191 4206 mare
213 4155 295 4207 hauh
312 4157 354 4207 tor
367 4167 446 4221 posto
463 4175 538 4208 mure.
571 4160 733 4211 Pertinere
750 4161 933 4212 Ponttmb.
952 4162 1029 4212 edd.
1063 4168 1160 4212 tastum
1170 4162 1287 4214 marem

124 4236 208 4289 land
224 4240 249 4287 2.
347 4240 480 4291 513-516
499 4240 581 4291 hauh.
596 4242 668 4305 quite
686 4242 902 4306 misapprshends
921 4242 974 4293 and
992 4241 1066 4307 sadly
1080 4243 1215 4293 mutilatus
1232 4241 1287 4294 thir

121 4333 245 4383 mage:
268 4320 318 4370 515
335 4320 369 4371 he
386 4320 463 4372 reads
482 4323 595 4372 deorsam
611 4324 652 4374 tor
671 4325 761 4382 eudem.
779 4325 828 4375 515
846 4325 917 4374 Hine
931 4324 972 4374 tur
986 4326 1053 4381 Λαὶς
1078 4322 1286 4384 mdplseesnls

121 4402 191 4462 atter
206 4402 269 4451 tls:
294 4405 342 4452 not
358 4417 408 4452 one
424 4403 452 4452 ot
469 4402 542 4452 these
555 4402 667 4465 ehanges
682 4404 731 4454 but
749 4417 821 4453 mars
835 4403 882 4453 the
897 4417 981 4452 sense.
1078 4404 1127 4454 515
1144 4404 1204 4452 Aut.
1238 4404 1291 4451 Ast·

1093 4503 1197 4565 15-e
