3092 4984
808 317 857 384 IV

340 494 508 549 remorum,
531 479 621 536 recta
642 477 698 548 est
721 479 756 535 et
778 479 868 535 reeta
889 492 1031 557 superne
1052 472 1218 557 guberna:

340 598 424 663 quae
446 575 593 640 demersa
614 573 773 659 liquorem
796 573 926 650 obeunt
949 573 1086 639 refracta
1107 575 1259 640 videntur

340 678 450 743 omnia
470 677 616 742 converti
637 699 831 763 sursumque
852 677 972 763 supina
992 678 1112 742 reverti

340 789 375 847 et
396 781 516 846 reflexa
536 803 637 866 prope
659 780 694 844 in
716 802 844 846 summo
866 780 996 846 fluitare
1018 781 1150 867 liquore.

340 908 476 972 raraque
497 906 557 971 per
578 884 703 950 eaelum
725 907 800 949 cum
822 885 913 949 venti
935 884 1048 950 nubila
1069 892 1200 969 portant

340 999 486 1075 tempore
508 998 674 1066 nocturno,
698 997 771 1054 tum
794 988 964 1073 splendida
985 988 1078 1074 signa
1099 988 1253 1054 videntur

341 1095 443 1159 labier
464 1094 635 1159 adversum
658 1093 784 1157 nimbos
806 1100 906 1178 atque
927 1093 975 1158 ire
997 1114 1135 1178 superne

341 1197 435 1284 longe
457 1198 555 1262 aliam
577 1198 612 1262 in
633 1206 762 1283 partem
786 1218 824 1261 ac
845 1219 927 1263 vere
948 1197 1073 1261 ratione
1095 1197 1251 1262 feruntur.

341 1310 377 1367 at
399 1302 427 1367 si
447 1303 530 1368 forte
553 1302 645 1367 oculo
667 1323 783 1366 manus
805 1301 864 1365 uni
886 1301 1018 1367 subdita
1039 1310 1152 1386 supter

342 1407 458 1492 pressit
480 1430 565 1484 eum,
589 1407 730 1492 quodam
752 1428 848 1471 sensu
870 1407 909 1471 fit
931 1406 982 1471 uti
1003 1405 1176 1472 videantur

343 1510 453 1575 omnia
474 1533 557 1597 quae
580 1510 705 1576 tuimur
725 1509 797 1575 fieri
821 1518 892 1575 tum
914 1510 993 1576 bina
1012 1510 1144 1587 tuendo,

342 1613 420 1679 bina
441 1615 645 1680 lucernarum
668 1615 820 1679 florentia
842 1613 968 1680 lumine
989 1613 1128 1679 flammis

343 1716 485 1802 binaque
509 1740 567 1802 per
591 1725 677 1781 totas
701 1716 791 1781 aedis
814 1716 980 1802 geminare
1003 1716 1149 1802 supellex

344 1826 378 1882 et
404 1818 543 1905 duplicis
567 1818 737 1883 hominum
760 1818 859 1883 facies
882 1828 917 1883 et
941 1840 1074 1904 corpora
1097 1818 1184 1884 bina

344 1919 486 2008 denique
508 1943 584 1985 eum
608 1920 700 1985 suavi
724 1920 872 1985 devinxit
896 1922 1043 1986 membra
1066 1942 1177 2005 sopore

345 2047 477 2090 somnus
500 2034 534 2090 et
557 2025 592 2089 in
616 2047 744 2090 summa
767 2048 882 2111 corpus
906 2025 991 2091 iacet
1015 2048 1110 2092 omne
1135 2025 1254 2111 quiete,

345 2135 418 2193 tum
441 2129 574 2214 vigilare
600 2137 712 2194 tamen
735 2130 828 2194 nobis
852 2138 886 2194 et
910 2131 1057 2196 membra
1080 2152 1209 2196 movere

345 2240 456 2297 nostra
477 2232 634 2308 ridemur,
659 2241 693 2297 et
716 2233 751 2296 in
774 2234 879 2297 noetis
902 2234 1039 2319 ealigine
1062 2257 1156 2300 ceeea

346 2355 475 2399 eernere
497 2356 665 2398 censemus
688 2334 790 2399 solem
813 2336 989 2421 lumenque
1014 2337 1177 2415 dinmnm,

346 2436 559 2521 conclusoque
582 2436 651 2500 loeo
675 2436 802 2501 eaelum
825 2460 915 2502 mare
939 2439 1076 2503 flumina
1099 2440 1219 2505 montis

346 2546 473 2602 mutare
498 2547 531 2602 et
555 2560 684 2623 campos
707 2540 846 2623 pedibus
869 2541 1006 2605 transire
1029 2542 1185 2620 videmur,

344 2646 380 2704 et
403 2638 527 2704 sonitus
551 2638 671 2716 audire,
696 2661 809 2705 severa
831 2641 961 2706 silentia
985 2644 1089 2707 noetis

346 2741 489 2827 undique
513 2765 586 2807 cum
613 2750 770 2822 constent,
795 2752 829 2808 et
853 2744 985 2810 reddere
1012 2745 1099 2811 dieta
1122 2753 1274 2815 terentes.

344 2854 451 2910 cetera
475 2845 517 2911 de
539 2868 658 2932 genere
681 2846 742 2911 hee
765 2846 914 2911 mirande
937 2847 1043 2913 multa
1066 2848 1222 2928 videmus,

344 2971 428 3034 quae
451 2949 570 3014 violare
593 2948 693 3014 fidem
716 2949 810 3034 quasi
834 2950 981 3015 sensibus
1004 2949 1114 3015 omnia
1137 2960 1306 3037 quaeruut,

344 3054 551 3139 nequiquam,
576 3054 730 3140 quoniam
753 3076 828 3140 pars
851 3054 965 3119 horum
991 3054 1134 3121 maxima
1157 3056 1241 3121 fallit

344 3165 477 3242 propter
500 3158 651 3243 opinatus
675 3156 777 3221 animi
800 3179 881 3242 quos
905 3156 1055 3222 addimus
1079 3158 1149 3244 ipsi,
1349 3160 1411 3243 465

343 3284 402 3348 pro
425 3262 503 3327 visis
526 3272 565 3329 ut
588 3262 654 3327 sint
677 3284 761 3347 quae
785 3283 850 3325 non
876 3269 953 3326 sunt
976 3261 1115 3326 sensibu’
1138 3262 1214 3327 visa

344 3387 422 3429 nam
444 3366 492 3429 nil
516 3366 643 3451 aegrius
667 3375 717 3430 est
741 3387 841 3451 quam
863 3387 914 3430 res
936 3388 1102 3431 secernere
1126 3375 1255 3453 apertas

343 3468 386 3532 ab
410 3469 526 3546 dubiis,
551 3470 679 3534 animus
705 3490 787 3553 quae
811 3467 853 3532 ab
876 3490 911 3534 se
933 3469 1081 3555 protinus
1105 3469 1205 3535 addit

387 3571 536 3658 Denique
559 3572 607 3636 nil
630 3572 705 3637 sciri
729 3572 830 3658 siquis
854 3579 961 3657 putat,
985 3571 1019 3636 id
1042 3594 1171 3659 queque
1195 3574 1299 3639 nescit

253 3780 322 3842 vulg.
421 3784 470 3834 446
487 3787 609 3848 liquorem
619 3786 700 3837 Laoh.
713 3788 753 3837 lor
764 3791 868 3851 liquore.
965 3791 1016 3842 446
1032 3807 1063 3842 ae
1073 3794 1242 3843 verat-atione
1253 3792 1289 3842 Is.
1301 3789 1415 3844 Vosaln

255 3874 305 3910 ms.
316 3861 391 3910 notes
402 3861 443 3911 lor
453 3879 516 3926 aque
527 3868 638 3916 rariora:
656 3865 702 3917 the
713 3868 795 3918 scribe
806 3871 884 3919 wrote
894 3885 925 3918 ra
936 3870 998 3933 only
1009 3885 1085 3922 enee:
1099 3877 1105 3900 ¹
1115 3871 1221 3934 quidam
1231 3872 1344 3922 oedioes'
1355 3888 1415 3937 says

257 3940 365 3992 Creeeh:
382 3937 441 3992 that
452 3944 476 3993 is
487 3945 520 3994 he
531 3945 584 3997 had
599 3947 680 3998 heard
696 3948 834 4013 indireetly
845 3951 873 3999 ol
888 3950 1005 4000 Vossiua'
1017 3951 1166 4002 eorreotion.
1263 3953 1313 4002 446
1323 3955 1359 4017 fit
1375 3957 1415 4005 att

256 4024 321 4074 Mar.
333 4024 408 4073 sunt.
419 4025 499 4090 lorfit
510 4036 546 4077 at.
644 4030 694 4080 466
710 4033 825 4081 videmur
836 4032 901 4081 Mar.
913 4032 992 4081 alul
1004 4034 1078 4084 lunt.
1090 4035 1131 4083 lor
1140 4036 1266 4085 videatur.
1364 4036 1415 4086 466

256 4114 336 4161 noctis
347 4112 369 4160 B
381 4126 444 4162 eorr.
457 4113 525 4162 Flor.
535 4116 567 4163 31
584 4115 674 4165 camb.
692 4116 767 4165 Pont.
780 4115 845 4164 Mur.
863 4114 902 4164 lor
917 4118 1017 4165 montis.
1114 4117 1163 4166 466
1180 4118 1296 4166 mirande
1307 4115 1414 4167 notul

254 4193 313 4242 Vat.
321 4194 384 4244 1166
395 4193 489 4245 Othob.
497 4194 562 4244 Mar.
571 4195 612 4244 for
622 4198 744 4246 mirande.
778 4199 877 4246 miracli
888 4196 968 4245 Laeh.
979 4195 1040 4246 here
1051 4211 1081 4247 as
1092 4197 1149 4248 419.
1247 4199 1297 4250 467
1313 4202 1415 4261 mantas

254 4280 304 4323 cst:
321 4273 387 4324 Ister
404 4289 468 4326 mss.
485 4275 538 4326 and
552 4275 597 4325 old
613 4275 667 4326 eds.
685 4277 740 4326 ulso
757 4277 832 4325 Pont.
854 4276 918 4324 Mer.
937 4275 1022 4325 Aldl
1040 4277 1114 4327 Junt.
1126 4276 1218 4327 Lamb.
1231 4280 1279 4327 ete.
1291 4282 1413 4341 cyrenius,

253 4353 382 4418 absurdly.
481 4357 529 4406 468
546 4358 619 4405 addit
636 4357 739 4406 ANiee.
753 4357 842 4406 (lamb.
855 4359 871 4405 2
883 4357 941 4406 Vnt.
953 4357 1027 4406 sunt.
1041 4356 1145 4408 creeoh.
1179 4358 1252 4408 abdit
1267 4358 1372 4410 BFlor.
1381 4361 1413 4411 61
