3092 4984
810 306 840 372 V

330 463 466 532 tandem
485 465 603 530 bruma
619 463 711 529 nives
733 462 839 529 adfert
859 462 1053 549 pigrumque
1075 465 1221 551 rigorem,

329 569 437 656 prodit
450 567 587 653 hiemps,
603 567 750 653 sequitur
772 567 934 654 crepitans
949 567 1033 633 hane
1049 568 1203 635 dentibus
1217 570 1312 655 algor.

331 694 396 759 quc
417 670 526 735 minus
547 677 597 735 est
618 668 739 733 mirum
760 668 789 734 si
810 678 897 734 certo
919 677 1066 755 tempore
1087 670 1169 736 luna

330 776 476 863 gignitur
497 784 532 841 et
553 785 641 841 certo
663 775 792 841 deletur
813 785 960 861 tempore
981 798 1085 855 rusus,

331 903 406 946 cum
427 879 498 945 fieri
519 879 642 965 possint
663 887 733 943 tam
755 888 842 944 certo
864 886 1010 964 tempore
1031 880 1146 945 multa.
1336 894 1399 962 750

376 981 461 1047 Solis
483 981 563 1046 item
586 1002 715 1066 quoque
737 980 881 1045 defectus
902 980 1065 1072 lunaeque
1087 983 1225 1048 latebras

330 1085 477 1173 pluribus
499 1105 517 1150 e
539 1084 642 1149 causis
664 1084 735 1150 fieri
759 1084 823 1150 tibi
844 1106 937 1171 posse
958 1086 1181 1171 putandumst

330 1212 407 1256 nam
428 1210 486 1253 cur
505 1187 585 1252 luna
606 1197 706 1273 queat
727 1195 848 1253 terram
869 1188 1034 1255 secludere
1055 1190 1130 1255 solis

330 1291 453 1356 lumine
476 1299 510 1356 et
531 1312 552 1354 a
572 1290 667 1355 terris
688 1290 794 1355 altum
815 1299 914 1377 ceput
936 1292 1101 1357 obstruere
1122 1292 1161 1370 ei,

331 1395 471 1460 obiciens
493 1414 623 1458 caecum
646 1392 744 1458 radiis
766 1394 955 1460 ardentibus
977 1396 1105 1475 orbem;
1338 1410 1395 1478 755

331 1505 476 1582 tempore
498 1494 611 1560 eodem
633 1495 716 1560 aliut
738 1496 844 1561 facere
866 1496 900 1561 id
921 1519 987 1562 non
1009 1518 1101 1584 pesse
1123 1505 1258 1584 putetur

329 1623 444 1687 corpus
465 1599 552 1686 quod
573 1622 698 1664 cassum
720 1600 850 1666 labatur
870 1601 994 1667 lumine
1016 1609 1163 1689 semperl

331 1705 442 1790 solque
463 1725 538 1769 suos
559 1703 660 1768 etiam
681 1702 848 1769 dimittere
870 1704 1042 1790 languidus
1063 1705 1149 1791 iguis

331 1820 477 1895 tempore
495 1829 556 1886 cur
576 1815 663 1871 certo
685 1816 829 1892 nequeat
850 1831 1057 1896 recreareque
1079 1810 1198 1890 lumen,

330 1937 406 1980 curn
426 1913 497 1977 loca
517 1911 685 1997 praeteriit
707 1911 847 1978 flammis
867 1912 987 1980 infesta
1007 1937 1066 2001 per
1086 1937 1189 1992 auras,
1339 1915 1401 1997 760

330 2040 414 2107 quae
432 2017 556 2082 faciunt
579 2015 663 2101 ignis
687 2015 895 2103 interstingui
919 2026 1018 2103 atque
1041 2020 1169 2104 perire?

332 2131 366 2188 et
389 2142 446 2186 cur
469 2128 557 2184 terra
580 2126 679 2204 queat
702 2119 816 2185 lunam
839 2120 976 2206 spoliare
1002 2121 1142 2187 vicissim

331 2223 454 2289 lumine
477 2229 511 2286 et
536 2242 724 2306 oppressum
749 2222 849 2287 solem
873 2245 969 2308 super
991 2223 1062 2309 ipsa
1083 2230 1203 2300 tenere,

331 2332 498 2391 menstrua
523 2322 602 2388 dum
624 2322 743 2408 rigidas
768 2324 841 2389 coni
866 2325 1045 2411 perlabitur
1067 2326 1218 2404 umbrae;

330 2441 476 2516 tempore
500 2427 614 2494 eodem
637 2427 719 2493 aliut
744 2436 887 2514 nequeat
909 2450 1092 2494 succurrere
1114 2428 1212 2493 lunae
1337 2428 1397 2510 765

332 2554 446 2618 corpus
471 2529 523 2596 vel
544 2552 642 2615 supra
664 2530 739 2595 solis
764 2531 926 2617 perlabier
951 2531 1069 2609 orbem,

330 2634 416 2721 qued
441 2633 546 2699 radios
571 2633 787 2717 intermmpet
809 2632 986 2718 lumenque
1009 2631 1201 2718 profusuml

332 2746 367 2802 et
391 2743 503 2801 tamen
526 2735 597 2820 ipsa
620 2756 678 2800 suc
703 2734 731 2798 si
755 2734 858 2822 fulget
882 2735 961 2800 luna
985 2737 1097 2815 nitore,

332 2862 389 2905 cur
410 2844 553 2923 nequeat
574 2846 663 2902 certa
684 2836 800 2902 mundi
822 2837 1029 2924 languescere
1052 2847 1154 2926 parte,

332 2943 411 3009 dum
433 2942 504 3007 laea
525 2940 703 3005 luminibus
725 2941 863 3027 propriis
885 2941 1017 3008 inimica
1041 2965 1100 3030 per
1123 2944 1213 3010 exiti
1337 2961 1402 3028 770

376 3044 470 3126 Quod
493 3051 648 3129 superest,
672 3043 828 3128 quoniam
850 3045 962 3130 magni
984 3068 1042 3132 per
1065 3048 1192 3113 caerula
1212 3048 1326 3114 muudi

333 3173 399 3237 qua
418 3146 490 3214 fieri
513 3145 669 3232 quicquid
692 3154 802 3231 posset
825 3147 951 3213 ratione
972 3147 1095 3228 resolvi,

332 3254 408 3320 solis
429 3253 478 3318 uti
503 3249 608 3316 varies
629 3271 739 3314 cursus
762 3250 924 3335 lunaeque
951 3260 1079 3316 meatus

333 3381 463 3426 noscere
486 3377 653 3443 possemus
679 3377 762 3440 quae
788 3354 895 3420 viset
920 3377 1016 3420 causa
1039 3355 1145 3434 cieret,
1336 3370 1396 3439 775

331 3484 435 3549 quove
455 3459 551 3526 modo
568 3466 698 3546 peccent
721 3457 837 3524 offecto
859 3457 983 3523 lumine
1008 3457 1097 3523 obire

244 3632 279 3695 by
294 3630 359 3682 Mur.
376 3629 459 3680 1161
476 3625 550 3678 sunt.
660 3625 708 3678 747
724 3626 814 3678 hedit
825 3624 906 3677 Lech.
918 3625 958 3676 ior
967 3626 1053 3676 Redit.
1085 3626 1179 3680 Reddit
1189 3624 1298 3676 Flortl
1309 3626 1400 3677 camb.

243 3711 314 3774 vulg.
350 3712 477 3774 ereptum
488 3706 558 3757 Flet.
565 3706 597 3756 81
614 3704 673 3755 Vct.
685 3706 756 3757 Mon.
767 3707 839 3758 Brlx.
850 3709 891 3759 ior
900 3709 1034 3760 creditam.
1074 3706 1287 3771 taucBrightly,
1325 3709 1400 3759 ced.

243 3789 386 3840 exacutae
404 3789 458 3850 0771
476 3786 547 3836 Nice
570 3784 639 3835 Flor.
647 3786 679 3835 61
696 3786 787 3837 camb.
809 3787 881 3837 Mon.
897 3787 956 3839 Vnt.
973 3788 1048 3838 Jnnt.
1091 3788 1163 3850 alpor
1183 3785 1263 3836 lach.
1281 3787 1401 3851 1010771.

244 3869 420 3934 ammiramis.
517 3870 565 3920 760
575 3868 1017 3936 ficuumsiulsuntuorflae.
1044 3872 1136 3936 storea
1147 3877 1240 3936 queant
1250 3884 1300 3920 ene
1310 3870 1369 3921 Vct.

277 3951 325 4002 7611
348 3950 407 3998 eolis
423 3944 514 3997 hamb.
531 3946 589 3997 first
605 3946 646 3997 ior
657 3949 747 4010 persia
788 3964 874 4012 porra
890 3950 955 4001 Mar.
973 3949 1054 4001 alal
1070 3950 1145 4001 June.
1253 3950 1301 4002 761
1314 3953 1399 4014 perire

244 4031 309 4083 uer.
321 4030 402 4081 Aldl
418 4030 493 4081 sunt.
504 4029 545 4080 ier
556 4032 648 4092 μήνι’.
681 4029 832 4082 Fleckeisen
847 4031 907 4082 krit.
919 4033 1054 4084 Miscellen
1064 4048 1090 4095 p.
1102 4033 1134 4083 65
1145 4031 1253 4082 deiende
1265 4035 1348 4095 periri
1364 4048 1400 4085 on

244 4112 289 4162 the
300 4110 409 4174 anaim
419 4110 520 4173 elfini,
531 4109 572 4158 ior
581 4107 666 4157 ulrich
676 4109 781 4159 Ennius
791 4125 853 4161 ann.
866 4112 896 4162 15
907 4111 956 4163 has
961 4114 1038 4178 flere.
1050 4112 1103 4164 and
1113 4113 1141 4164 ol
1150 4115 1234 4164 ueniri
1249 4114 1399 4165 sometimes

242 4192 308 4245 used
318 4192 358 4242 ior
368 4194 466 4242 venire:
477 4190 524 4241 but
535 4190 580 4240 the
591 4189 674 4240 scribe
682 4204 733 4239 was
744 4193 942 4258 nnecnscicusly
949 4195 1045 4247 misled
1055 4195 1143 4260 hythe
1153 4196 1228 4247 ether
1238 4195 1377 4248 infinitiva.

277 4276 325 4329 766
335 4275 429 4339 salvet.
456 4272 538 4336 sulpit
549 4270 640 4322 hamb.
652 4271 732 4322 lach.
831 4276 970 4328 771=76a

276 4360 325 4413 776
337 4363 435 4424 possem
451 4354 534 4407 added
548 4354 583 4420 by
594 4353 667 4405 Brix.
699 4357 795 4407 naeu
812 4354 866 4422 (not
882 4358 990 4424 valum)
1002 4358 1071 4445 iiior.
1079 4360 1111 4410 e1
1128 4358 1217 4412 camb.
1234 4358 1300 4410 liar.
1317 4359 1398 4411 Aldl
