3092 4984
694 299 744 366 v1

225 476 358 542 corpora
380 453 564 520 mobilitate
584 452 712 519 ostendi
735 472 900 540 quamque
922 461 1058 540 repente

226 558 470 624 inmemorabile
487 577 550 643 per
571 557 715 643 spatium
736 557 875 623 transire
897 558 1043 625 solerent

224 661 307 726 haut
331 661 433 746 igitur
456 660 609 724 mirumst
630 659 658 724 si
682 682 783 746 pervo
808 667 954 745 tempore
977 682 1074 745 saepe

223 772 292 828 tam
318 762 445 849 magnis
466 762 586 827 nimbis
609 769 787 848 tempestas
810 771 910 848 atque
930 764 1084 827 tenebrae
1229 780 1296 846 490

225 865 394 952 coperiunt
416 864 520 929 maria
544 886 582 929 ac
607 872 709 930 terras
735 865 872 950 inpensa
896 886 1041 950 superne,

223 969 371 1056 undique
392 968 655 1054 quandoquidem
679 991 738 1054 per
760 969 868 1034 caulas
892 969 1033 1034 aetheris
1056 967 1161 1034 omnis

225 1081 260 1138 et
283 1071 377 1157 quasi
399 1093 458 1157 per
480 1071 592 1157 magni
617 1071 738 1136 circum
765 1071 925 1156 spiracula
948 1070 1063 1136 mundi

226 1177 333 1242 exitus
358 1176 575 1261 introitusque
598 1176 768 1241 elementis
792 1175 939 1241 redditus
965 1183 1064 1240 extet.

269 1280 368 1345 Nunc
392 1302 461 1365 age,
485 1301 549 1365 quo
571 1287 667 1365 pacto
689 1277 820 1364 pluvius
844 1286 1027 1342 concrescat
1048 1276 1084 1340 in
1105 1275 1181 1341 altis
1228 1287 1290 1358 495

224 1383 368 1448 nubibus
390 1405 485 1448 umor
507 1391 541 1447 et
567 1382 603 1446 in
627 1391 730 1447 terras
756 1381 914 1446 demissus
938 1390 977 1446 ut
1002 1380 1107 1445 imber

225 1487 363 1565 decidat
390 1486 569 1573 expediam
592 1485 735 1572 primum
759 1485 826 1550 iam
850 1484 978 1549 semine
1000 1484 1098 1568 aquai

225 1590 332 1654 multa
356 1589 453 1654 simul
477 1590 604 1655 vincam
630 1609 821 1673 consurgere
845 1586 986 1651 nubibus
1013 1586 1091 1672 ipsis

224 1696 375 1760 omnibus
402 1718 442 1760 ex
467 1695 564 1760 rebus
589 1695 775 1780 pariterque
799 1691 848 1757 ite
871 1714 1011 1757 crescere
1036 1699 1212 1778 utrumque

225 1807 261 1863 et
282 1798 377 1863 nubis
403 1805 437 1862 et
460 1819 579 1882 aquam
602 1818 826 1881 quaecumque
851 1795 887 1859 in
910 1794 1052 1859 nubibus
1076 1804 1175 1875 extat,
1230 1811 1294 1879 500

225 1911 265 1966 00
286 1902 410 1987 pariter
432 1901 524 1966 nobis
550 1922 665 1986 corpus
688 1923 762 1965 cum
786 1900 942 1986 sanguine
968 1901 1090 1976 crescit,
1169 1944 1177 1958 .

225 2003 324 2068 sudor
345 2004 426 2068 item
440 2012 539 2088 atque
557 2024 651 2067 umor
664 2003 861 2087 quicumque
884 2010 933 2066 est
950 2002 1090 2088 denique
1110 2003 1272 2069 membris.

227 2107 415 2193 concipiunt
438 2107 538 2172 etiam
561 2107 704 2171 multum
730 2127 861 2191 quoque
886 2128 982 2191 saepe
1007 2106 1170 2171 marinum

228 2230 380 2284 umorem,
404 2209 507 2274 veluti
531 2208 708 2294 pendentia
730 2208 851 2273 vellera
873 2208 975 2286 lanae,

227 2333 302 2375 eum
323 2333 440 2395 supera
460 2332 616 2396 magnum
637 2332 726 2375 mare
747 2311 840 2375 venti
862 2309 975 2375 nubila
999 2319 1137 2396 portant
1231 2325 1291 2392 505

226 2414 385 2478 consimili
406 2415 533 2480 ratione
553 2437 594 2479 ex
617 2414 766 2478 omnibus
789 2414 938 2479 amnibus
961 2437 1054 2480 umor

226 2518 353 2583 tollitur
374 2517 409 2582 in
431 2517 534 2582 nubis.
557 2540 622 2602 000
644 2540 718 2581 cum
742 2518 824 2582 bene
846 2518 970 2582 semina
991 2541 1149 2604 equarum

226 2622 332 2686 multa
352 2622 456 2686 modis
478 2621 590 2685 multis
611 2643 788 2686 convenere
810 2620 955 2706 undique
976 2621 1121 2701 adaucta,

227 2726 390 2791 confertae
411 2725 514 2790 nubes
535 2746 678 2790 umorem
699 2724 831 2787 mittere
853 2731 979 2788 certant

137 2845 139 2848 ·
227 2827 399 2914 dupliciter
406 2851 415 2906 ;
438 2850 515 2892 nam
537 2828 586 2891 vis
608 2826 698 2890 venti
720 2823 885 2890 contrudit
907 2832 941 2889 et
962 2823 1034 2910 ipsa
1233 2837 1297 2905 510

227 2933 320 3017 copia
341 2932 524 2996 nimborum
546 2930 644 2996 turba
664 2930 786 2994 maiore
808 2937 919 2994 coacte

227 3042 331 3120 urget,
354 3034 395 3098 de
417 3056 532 3120 supero
554 3034 674 3119 premit
696 3034 833 3099 etfacit
856 3035 987 3100 effluere
1009 3033 1129 3099 imbris.

227 3146 395 3224 praeterea
416 3160 490 3202 cum
511 3146 677 3202 rarescunt
699 3159 828 3222 quoque
851 3136 964 3202 nubila
984 3137 1090 3200 ventis

227 3249 286 3306 aut
309 3239 535 3316 dissolvuntur,
559 3241 633 3304 solis
656 3263 753 3326 super
774 3240 841 3304 icta
862 3240 974 3317 calore,

227 3344 367 3410 mittunt
388 3367 534 3409 umorem
556 3343 705 3429 pluvium
727 3343 925 3428 stillantque,
949 3341 1041 3428 quasi
1063 3338 1132 3426 igni
1235 3351 1294 3421 515

135 3525 232 3577 Lamb.
243 3527 312 3590 vulg.
340 3528 677 3582 0001000100οιοω
690 3531 738 3581 640
749 3529 841 3580 Urbin.
854 3527 918 3577 Mar.
930 3527 971 3576 ior
982 3526 1118 3586 inthius
1129 3525 1161 3576 B.
1249 3525 1299 3577 488

132 3624 185 3672 per
195 3607 319 3672 addedby
329 3609 403 3659 Pont.
413 3611 477 3660 Mar.
487 3612 560 3660 Junt.
659 3613 709 3662 490
722 3613 785 3659 Tum
796 3612 892 3671 mappis
903 3611 994 3660 nimbis
1005 3607 1192 3657 Lesbiorum
1201 3612 1298 3670 moenis

136 3693 239 3740 monto.
273 3693 336 3740 Tam
355 3708 458 3754 mappae
476 3696 549 3742 molis
567 3694 647 3743 Bern.
664 3693 749 3742 which
768 3708 829 3756 may
845 3693 876 3742 be
895 3692 973 3756 right.
1008 3693 1071 3742 Yam
1087 3709 1188 3754 000000
1207 3695 1299 3743 montis

138 3771 218 3824 Pont.
229 3771 294 3820 Mar.
306 3771 364 3821 Ald
375 3773 389 3820 l
401 3773 475 3822 sunt.
486 3775 555 3836 vulg.
654 3775 702 3825 491
716 3777 853 3838 Ceperiunt
864 3774 945 3824 Laoh.
956 3774 1053 3837 rightly
1063 3774 1102 3823 ior
1115 3776 1259 3837 Ooperiont.

174 3852 223 3903 492
232 3855 320 3902 000100
328 3853 393 3903 Mar.
405 3855 485 3904 Aldl
497 3856 618 3906 ,1000100
627 3860 722 3906 cavius.
815 3858 864 3908 490
876 3859 993 3906 mbae
1003 3857 1072 3906 Flor.
1082 3858 1113 3906 81
1125 3857 1196 3905 Mon.
1204 3856 1298 3907 Lamb.

139 3931 182 3982 ior
200 3934 324 3982 dimiseris.
423 3936 472 3986 498
490 3939 590 3986 vincam
605 3937 674 3984 Fior.
684 3938 715 3985 31
734 3936 824 3985 Gamb.
835 3937 906 3985 Mon.
918 3937 977 3987 Ver.
988 3937 1053 3986 Van.
1065 3937 1222 3986 foroineum.

174 4015 222 4063 508
240 4015 394 4079 Concipiunt
409 4016 482 4066 Brix.
495 4018 570 4066 Pont.
582 4018 647 4066 Mar.
660 4018 700 4066 ior
712 4019 876 4067 Considium.
974 4019 1022 4068 509
1037 4032 1144 4066 umorem
1159 4015 1210 4064 Ed.
1223 4014 1300 4063 torvi

139 4097 211 4145 0000
222 4094 307 4145 which
318 4111 347 4146 es
358 4097 454 4147 Creeoh
473 4098 523 4148 has
542 4113 603 4148 seen
621 4113 707 4147 comes
723 4099 791 4147 from
807 4098 853 4147 the
869 4100 908 4148 uis
926 4101 995 4148 venti
1009 4098 1036 4146 01
1049 4099 1110 4147 5100
1128 4095 1161 4144 he
1177 4106 1300 4158 proposes

139 4177 231 4226 imbreo
243 4185 306 4226 tum:
324 4176 393 4228 what
404 4179 482 4228 Lucr.
494 4182 572 4230 wrote
590 4183 663 4229 must
681 4180 713 4229 be
729 4180 801 4242 quite
812 4179 956 4231 uncertain.
989 4182 1101 4229 0000000
1111 4177 1190 4226 Lech.
1203 4174 1269 4224 efter
1284 4187 1301 4222 a

139 4259 209 4321 conj.
227 4259 255 4308 oi
271 4258 345 4309 Wak.
444 4261 492 4310 511
514 4263 586 4310 turta
604 4265 697 4310 maiore
714 4261 779 4310 Mar.
796 4261 878 4310 Ald.1
895 4261 970 4311 Junt.
981 4261 1021 4309 for
1039 4261 1135 4308 turbam
1153 4267 1230 4304 more:
1254 4251 1301 4300 the

140 4354 214 4392 same
225 4355 336 4393 errores
351 4340 450 4394 10405.
483 4343 698 4394 00000οΗ0081
716 4343 904 4395 00009900
1002 4341 1051 4391 512
1072 4339 1148 4399 Uroet
1166 4337 1196 4385 de
1213 4347 1302 4395 rupero
