3092 4984
697 318 728 381 V

221 482 321 548 terrai
344 481 444 548 maris
467 490 502 548 et
523 482 605 547 caeli
627 480 820 567 generisque
842 479 1055 545 animantum.

264 586 330 652 Hic
352 610 459 673 neque
481 595 554 652 tum
576 587 651 652 solis
672 596 744 652 rota
765 587 853 653 cerni
875 585 998 650 lumine
1019 585 1108 670 largo

220 692 393 757 altivolans
415 699 544 778 poterat
565 713 626 757 nec
647 689 759 776 magni
781 688 887 753 sidera
907 686 1024 751 mundi

221 818 281 862 nec
303 819 392 862 mare
414 818 475 861 nec
497 797 624 860 caelum
645 816 706 859 uec
728 793 870 879 denique
892 801 979 857 terra
1000 812 1106 877 neque
1128 812 1184 855 aer

220 921 281 965 nec
302 900 417 965 similis
439 899 556 964 nostris
577 899 674 963 rebus
695 919 746 961 res
767 896 836 961 ulla
856 893 967 972 videri,
1227 910 1269 974 43
1274 908 1289 974 5

220 1003 278 1068 sed
299 1025 384 1068 nova
404 1011 582 1089 tempestas
604 1000 765 1087 quaedam
786 1000 952 1084 molesque
974 1006 1084 1063 coorta

130 1121 200 1184 440
220 1125 317 1169 omne
340 1126 443 1190 genus
465 1103 506 1169 de
527 1103 702 1190 principiis,
725 1101 882 1166 discordia
903 1121 1041 1186 quorum

221 1206 394 1271 intervalla
414 1207 484 1271 vias
507 1228 649 1272 conexus
672 1205 817 1292 pondera
837 1203 949 1289 plegae

221 1330 393 1372 concursus
414 1316 523 1373 motus
545 1308 700 1373 turbabat
721 1307 846 1393 proelia
865 1306 1012 1385 miscens,

220 1422 354 1498 propter
375 1413 540 1478 dissimilis
562 1414 680 1478 formas
702 1413 872 1498 variasque
895 1411 1014 1497 figuras
1226 1424 1295 1486 440

221 1515 308 1600 quod
329 1538 396 1580 non
418 1515 528 1592 omnia
549 1515 594 1581 sic
616 1524 768 1601 poterant
791 1514 964 1579 coniuncta
986 1532 1116 1577 manere

132 1632 196 1712 445
221 1641 283 1684 nec
304 1629 412 1686 motus
433 1622 520 1685 inter
541 1641 610 1685 sese
633 1620 710 1685 dare
732 1617 976 1685 convenientia*

130 1737 197 1803 437
220 1721 377 1808 diffugere
399 1723 475 1788 inde
498 1722 560 1787 loci
581 1733 690 1808 partes
712 1745 845 1809 coepere
867 1743 1026 1808 paresque

221 1846 296 1890 cum
317 1826 449 1911 paribus
470 1826 563 1912 iungi
584 1849 636 1893 res
658 1836 692 1892 et
714 1826 894 1892 discludere
915 1825 1075 1890 muudum

222 1930 430 2015 membraque
452 1929 595 1996 dividere
618 1940 653 1996 et
673 1953 809 2015 magnas
831 1930 1001 2014 disponere
1022 1932 1139 2013 partes,
1227 1934 1289 2002 445

131 2031 200 2110 446
222 2030 283 2095 hoc
304 2039 363 2109 est,
385 2053 407 2097 a
426 2032 521 2097 terris
543 2033 647 2098 altum
669 2054 835 2098 secernere
856 2030 991 2107 caelum,

222 2141 256 2199 et
277 2142 402 2199 sorsum
423 2157 512 2201 mare
534 2137 584 2201 uti
606 2144 727 2201 secreto
752 2157 864 2200 umore
886 2139 1023 2220 pateret,

220 2257 346 2301 seorsus
370 2238 451 2302 item
472 2237 546 2323 puri
568 2238 747 2323 secretique
773 2237 915 2302 aetheris
938 2237 1036 2321 ignes

266 2339 395 2425 Quippe
416 2339 540 2404 etenim
560 2341 703 2426 primum
728 2341 828 2406 terrai
850 2361 981 2425 corpore
1003 2355 1161 2424 quaeque,
1314 2407 1316 2412 .

222 2452 394 2529 propterea
416 2443 503 2529 quod
525 2453 619 2508 erant
640 2444 752 2530 gravia
774 2452 809 2508 et
828 2444 989 2530 perplexe,
1008 2441 1139 2507 coibant
1223 2448 1292 2515 450

223 2547 258 2611 in
281 2547 389 2613 medio
413 2556 512 2633 atque
535 2548 618 2612 imas
641 2548 814 2634 capiebant
835 2548 945 2613 omnia
967 2546 1074 2627 sedes3

223 2673 306 2737 quae
328 2661 451 2737 quanto
475 2652 578 2738 magis
599 2654 686 2718 inter
709 2675 743 2717 se
765 2653 921 2739 perplexa
941 2652 1080 2728 coibant,

221 2761 291 2818 tam
313 2754 416 2840 magis
442 2777 626 2841 expressere
649 2778 689 2820 ea
712 2777 796 2841 quae
818 2777 907 2820 mare
931 2755 1037 2820 sidera
1059 2753 1158 2817 solem

221 2856 398 2943 lunamque
421 2858 585 2924 efficerent
607 2867 641 2924 et
664 2860 776 2944 magni
799 2858 928 2924 moenia
948 2857 1072 2922 mundi

223 2962 333 3025 omnis
354 2962 443 3026 enim
466 2963 569 3049 magis
592 2963 673 3028 haec
696 2986 715 3029 e
740 2964 868 3028 levibus
890 2970 989 3047 atque
1010 2956 1160 3024 rutundis
1224 2964 1287 3033 455

222 3064 400 3129 seminibus
423 3066 591 3151 multoque
613 3066 783 3131 minoribu’
805 3073 882 3132 sunt
905 3062 1073 3131 elementis

223 3190 323 3253 quam
340 3168 445 3233 tellus.
468 3168 550 3245 ideo,
574 3191 724 3254 perrara
746 3169 912 3246 foramina,
935 3177 1040 3233 terrae

137 3275 143 3286 '
221 3270 368 3357 partibus
391 3279 563 3357 erumpens
586 3272 710 3357 primus
733 3296 767 3338 se
793 3273 926 3338 sustulit
947 3269 1061 3335 aether

222 3374 341 3459 ignifer
363 3383 397 3441 et
420 3375 541 3440 multos
563 3397 674 3440 secum
697 3376 778 3441 levis
800 3375 935 3442 abstulit
958 3372 1051 3459 ignis,

135 3590 268 3628 convenere
279 3574 319 3625 ed.
331 3576 347 3624 2
358 3575 410 3626 and
420 3578 445 3636 3,
456 3576 573 3627 followed
583 3577 618 3639 by
626 3576 729 3634 Graecia
741 3579 790 3626 etc.
888 3575 937 3624 430
947 3571 1239 3639 fiumFlcr.310amb.
1251 3572 1291 3622 tor

129 3662 227 3724 fluam.
259 3672 340 3720 saepe.
367 3674 467 3721 sempe,
487 3673 517 3709 as
536 3673 558 3708 11
578 3661 650 3719 1062,
669 3659 749 3709 Lech.
847 3657 897 3706 432
922 3658 1087 3720 lamachum
1105 3654 1217 3707 Macrob.

168 3739 217 3788 4³8
233 3739 374 3787 sueciam
391 3738 467 3788 Pont.
484 3739 580 3789 Avauc.
600 3738 652 3789 and
669 3738 781 3789 Mecrob.
798 3740 847 3788 eat.
858 3752 885 3787 rr
896 3739 912 3786 2
925 3739 958 3787 23
973 3738 1014 3787 tor
1028 3740 1086 3788 Alte
1100 3742 1197 3789 comm.
1228 3740 1291 3789 Alte

135 3821 222 3870 volem
233 3816 383 3868 Malunt.
408 3881 410 3886 Δ
481 3820 612 3871 sse-442
630 3819 779 3885 (440-445)
795 3833 839 3869 are
856 3817 919 3869 thus
938 3818 1062 3882 arranged
1077 3818 1112 3882 by
1127 3818 1207 3870 Lech.
1225 3820 1293 3871 atter

136 3899 275 3950 Reisacker
289 3903 389 3962 quaest.
406 3900 496 3960 Lucr.;
514 3900 566 3950 and
580 3901 625 3951 the
642 3901 771 3964 necessity
782 3901 810 3950 ol
826 3900 880 3949 this
894 3900 991 3963 change
1007 3900 1031 3950 ie
1045 3900 1176 3962 manifest,
1191 3902 1292 3966 though

137 3980 249 4052 macrob.
261 3980 306 4030 Ll.
317 3981 448 4045 evidently
459 3981 520 4031 read
530 3982 604 4032 them
619 3983 649 4032 in
664 3982 709 4033 the
725 3982 800 4033 order
813 3983 842 4031 in
853 3981 937 4032 which
952 3981 1014 4046 they
1024 3998 1119 4046 appear
1129 3984 1158 4033 in
1169 3999 1217 4034 our
1226 4000 1291 4035 mes.

137 4064 186 4115 See
197 4061 265 4111 what
282 4062 296 4110 I
307 4075 353 4125 say
364 4076 398 4111 on
409 4061 463 4111 this
474 4062 526 4112 and
542 4063 643 4112 similar
653 4064 741 4125 points
754 4078 780 4125 p.
792 4064 833 4112 el.
932 4062 980 4116 437
999 4065 1074 4114 Omne
1084 4080 1160 4126 perus
1171 4067 1201 4115 de
1211 4064 1291 4115 Lech.

135 4143 318 4211 aebetore,1or
327 4144 812 4206 OmeiqenascB‚OmaioeniecANicc.
824 4142 895 4206 vulg.
991 4144 1040 4194 446
1056 4148 1143 4196 altum.
1175 4144 1293 4208 empnam

136 4225 219 4275 Mser.
316 4225 365 4277 447
381 4241 465 4275 umore
475 4226 588 4276 Macrob.
599 4226 622 4275 B
633 4241 696 4275 corr.
708 4226 768 4276 Vnt.
781 4227 846 4277 ³276
861 4225 937 4275 Pont.
953 4226 1027 4276 dunt.
1039 4225 1166 4276 forumor.
1195 4228 1291 4275 bumm-

135 4323 183 4371 que
200 4305 274 4357 Nice.
291 4305 401 4356 meam
421 4307 513 4357 Camb.
532 4309 548 4356 4
563 4306 622 4357 Vat.
639 4307 709 4357 Brix„
720 4306 779 4357 Ver.
791 4307 856 4356 Ven.
874 4306 970 4357 Arane
1068 4307 1118 4355 458
1133 4305 1292 4357 scilicetne

134 4395 169 4437 et.
267 4385 316 4436 459
332 4388 438 4451 letifer.
472 4388 587 4452 Sicnifer
597 4387 657 4438 Ver.
668 4387 733 4438 Van.
749 4386 829 4437 Aldl
841 4387 915 4437 sunt.
934 4387 988 4450 (not
999 4384 1075 4452 Mar.)
1091 4385 1184 4436 Lamb.
1196 4388 1245 4436 etc.
1257 4400 1294 4436 on

1165 4487 1205 4550 15
