3092 4984
208 449 384 516 subsedere
405 448 474 513 anis
495 448 620 533 puriter
639 470 716 512 eum
737 447 864 512 dvihn
884 447 992 512 nrbes

209 551 1139 640 quodnisiprorumpittamenimpetusipeanirmi

209 654 1046 740 etseravisventiperoeehnfunminateme

209 757 404 844 dispertitur
425 765 464 820 ut
487 755 599 820 horror
619 767 655 820 et
676 757 796 820 incutit
816 756 895 819 inde
916 769 1111 835 tremorem

209 862 1079 948 frigusutinostrospenimscumrenitinartns,

210 967 358 1032 concutit
380 967 500 1031 invitos
521 989 639 1051 coms
660 977 801 1031 tremere
821 979 923 1052 atque
943 989 1083 1032 morere.
1229 981 1290 1047 593

210 1071 349 1157 ancipiti
370 1071 539 1156 trepidant
562 1072 665 1155 igitur
685 1083 809 1134 terrore
829 1092 890 1155 per
909 1071 1010 1144 urbis,

211 1185 302 1240 tecta
323 1196 463 1260 superne
485 1176 614 1250 timent,
637 1183 792 1238 metuunt
813 1173 939 1237 inferne
960 1194 1113 1238 cavernas

211 1280 314 1345 terrai
335 1301 378 1343 ne
400 1277 558 1342 dissoluat
580 1287 700 1341 natura
720 1291 866 1362 repente,

211 1404 279 1447 neu
301 1380 458 1446 distracta
478 1402 577 1444 suum
597 1380 664 1444 late
686 1379 859 1464 dispandat
881 1379 1011 1443 hiatum

211 1485 320 1570 adque
343 1484 411 1548 suis
432 1484 567 1548 confusa
588 1483 669 1547 velit
691 1481 854 1568 oomplere
873 1483 990 1546 ruinis.
1227 1483 1293 1547 6oe

213 1587 350 1674 proinde
371 1586 449 1652 lieet
470 1587 619 1672 quamvis
641 1585 768 1650 eaelum
790 1597 978 1669 terramque
998 1601 1134 1650 reantur

213 1693 402 1776 incorrupta
423 1690 492 1755 fore
513 1699 667 1753 aeternae
690 1688 848 1752 mandata
869 1689 988 1768 saluti3

214 1806 250 1862 et
271 1805 384 1861 tamen
406 1793 570 1858 interdurn
593 1816 746 1879 praesens
768 1794 818 1856 vis
840 1793 911 1878 ipsa
931 1793 1044 1879 pericli

214 1898 327 1964 subdit
349 1909 383 1962 et
405 1897 493 1961 hunc
515 1896 687 1961 stimulum
709 1896 850 1981 quadam
872 1895 914 1959 de
934 1911 1028 1981 purte
1049 1895 1184 1972 timoris,

215 2026 258 2069 ne
280 2001 419 2089 pedibus
441 2002 561 2087 raptim
584 2001 682 2065 tellus
703 2002 872 2064 subtracta
891 2001 1016 2065 feratur
1227 2001 1290 2082 605

214 2108 251 2172 in
272 2106 464 2170 barathrum
486 2127 661 2189 rerumque
683 2115 841 2189 sequatur
861 2104 992 2189 prodita
1012 2126 1142 2169 summa

215 2209 367 2276 funditus
389 2217 424 2274 et
446 2208 505 2273 fiat
526 2207 642 2272 mundi
665 2207 800 2272 confusa
820 2208 923 2272 ruina

261 2310 438 2398 [Principio
460 2333 549 2375 mare
571 2310 733 2374 mirantur
754 2331 821 2374 non
842 2309 977 2374 reddere
998 2311 1105 2377 maius

215 2426 377 2494 naturam,
400 2437 466 2501 quo
487 2415 531 2481 sit
553 2424 667 2479 tantus
688 2414 843 2479 decrusus
863 2436 1032 2500 aquarum,

217 2520 328 2585 omnia
348 2540 413 2605 quo
434 2518 569 2584 veniant
591 2541 632 2583 ex
654 2518 744 2583 omni
766 2517 904 2582 flumina
924 2527 1026 2603 parte
1226 2519 1293 2584 610

216 2622 300 2688 adde
321 2642 419 2707 vagos
441 2620 553 2685 imbris
575 2629 854 2705 tempestatesque
875 2620 1030 2696 volantes,

216 2724 327 2791 omnia
349 2746 433 2810 quae
454 2723 559 2787 maria
579 2745 617 2788 ao
639 2733 742 2787 terras
764 2731 986 2807 sparguntque
1006 2722 1199 2808 rigantque3

216 2831 301 2897 adds
323 2850 397 2893 suos
418 2828 518 2894 fontis
529 2852 538 2907 ;
559 2837 671 2892 tamen
693 2826 736 2891 ad
757 2826 857 2891 maris
878 2827 989 2891 omnia
1008 2849 1172 2892 summam

216 2935 325 3022 guttai
347 2934 402 2998 vix
423 2933 528 2998 instar
549 2941 646 2997 erunt
667 2932 765 2996 unius
787 2931 990 3017 adaugmen3

217 3062 283 3127 quo
302 3037 411 3102 minus
430 3045 480 3101 est
495 3036 615 3101 mirum
634 3059 723 3101 mare
743 3058 809 3101 non
829 3059 999 3121 augescere
1018 3058 1183 3122 magnum
1226 3035 1288 3117 615

217 3151 386 3229 praeterea
406 3161 561 3224 magnam
582 3140 630 3204 sol
651 3148 779 3224 partem
801 3139 945 3204 detrahit
967 3148 1069 3203 aestu

217 3247 340 3334 quippe
362 3244 509 3310 videmus
531 3244 619 3310 enim
642 3244 741 3309 vestis
763 3264 876 3307 umore
898 3241 1061 3305 madentis

221 3349 380 3416 exaiooare
403 3347 470 3412 suis
491 3346 591 3411 radiis
612 3345 794 3410 ardentibu’
815 3345 936 3409 solem:

218 3463 255 3520 st
274 3454 390 3540 pelage
411 3451 517 3516 multa
538 3460 573 3516 et
594 3451 661 3516 lste
683 3451 849 3515 substratu
869 3448 1027 3513 videmus.

216 3556 353 3643 proinde
374 3554 450 3619 lieet
472 3553 621 3640 quamvis
642 3575 684 3617 ex
706 3574 771 3616 uno
794 3570 923 3638 quoque
945 3549 1014 3614 looo
1035 3548 1083 3614 sol
1227 3548 1294 3615 620

122 3800 226 3852 parum
246 3783 319 3834 Niso·
338 3782 361 3833 B
379 3797 443 3834 oorr.
463 3783 504 3833 for
521 3797 630 3846 porrum.
736 3780 786 3830 600
807 3780 896 3843 Adque
914 3777 998 3829 Laoh.
1019 3779 1061 3829 tor
1081 3780 1172 3843 quue.
1204 3780 1293 3845 Imque

126 3868 223 3920 hamb.
235 3866 265 3915 in
275 3866 322 3916 ths
332 3864 464 3915 additions
474 3868 502 3915 to
519 3864 560 3915 sd
571 3867 597 3916 3:
697 3863 745 3913 604
762 3864 855 3912 Subdu
871 3870 895 3912 et
913 3863 1293 3914 tumAF'lor.810umb.sto.

126 3950 239 4001 subdiu
254 3956 277 3998 st
289 3948 408 3998 lusnsBA
418 3962 482 3997 oorr.
494 3947 566 3996 Niso.
605 3946 698 3995 snoait
713 3946 790 3994 attus
801 3943 884 3994 Lsoh.
924 3945 1045 3995 Subditot
1062 3948 1126 3995 hune
1141 3944 1206 3994 Mur.
1217 3946 1293 3995 lunt,

127 4028 224 4082 namt.
236 4030 286 4078 sto.
384 4029 432 4078 605
448 4029 578 4077 mooactu
594 4026 665 4075 Nioo.
685 4025 726 4075 tor
742 4027 892 4075 mortntctu.
991 4027 1121 4077 tos-us
1138 4041 1182 4075 are
1199 4024 1294 4088 proved

127 4112 165 4174 by
181 4108 262 4159 Iaols
282 4111 310 4159 to
325 4108 357 4159 bs
377 4109 449 4172 quite
460 4107 639 4158 unoouneotod
652 4107 715 4157 with
730 4109 800 4159 what
816 4107 936 4171 procedas
951 4123 981 4158 or
999 4109 1106 4159 follows.
1139 4107 1206 4157 Mur.
1218 4107 1293 4157 Juut.

128 4193 200 4254 vulg.
211 4190 293 4254 profit
307 4190 362 4240 this
373 4206 446 4241 verse
458 4191 531 4239 Nunc
542 4192 609 4239 ratio
625 4191 751 4238 reddendo
762 4205 869 4251 uuquam
879 4206 925 4240 eur
939 4192 1035 4239 saciat
1045 4203 1146 4252 aequor.
1245 4187 1293 4235 609

131 4275 260 4325 Natum
271 4272 347 4322 Pont.
359 4270 514 4321 Mandu
526 4270 600 4320 Junt.
612 4271 669 4321 first
680 4272 720 4321 for
731 4273 841 4322 Natura.
941 4271 989 4322 614
1006 4273 1153 4332 adunantes.
1187 4269 1222 4317 ud
1232 4281 1294 4327 auq-

129 4369 185 4406 men
196 4354 269 4406 Niso.
281 4353 400 4406 tollowod
410 4354 445 4418 by
455 4354 493 4405 all
504 4367 567 4404 mss.
578 4352 695 4410 andsds.
706 4354 793 4406 bstore
804 4352 886 4405 Luoh.
986 4352 1035 4402 tro
1045 4363 1161 4414 muamus
1170 4351 1208 4400 sol
1218 4347 1294 4397 Pont.
