3092 4984
236 446 297 502 aut
320 437 461 503 fiammis
482 437 630 504 interfiat
653 438 787 503 malisve
812 438 962 516 ferarum,

236 541 319 605 scire
343 542 418 607 licet
441 564 506 606 non
531 542 692 607 sincerum
715 565 828 608 sonere
853 550 952 628 atque
976 542 1107 607 subesse

235 665 369 707 caecum
391 643 535 729 aliquem
558 644 646 709 cordi
669 645 849 722 stimulum,
875 645 1024 730 quamvis
1047 656 1143 730 neget
1168 645 1236 732 ipse

236 745 367 810 credere
383 768 417 810 se
432 767 630 831 quemquam
646 746 708 811 sibi
723 769 855 812 sensum
870 747 905 811 in
919 756 1024 811 morte
1039 747 1194 811 futurum.
1246 750 1305 829 875

237 872 314 925 non,
342 860 380 914 ut
403 851 524 936 opinor,
549 852 638 915 enim
662 850 719 915 dat
744 852 832 938 quod
856 853 1019 937 promittit
1043 861 1076 917 et
1099 852 1196 929 unde,

237 973 300 1015 nec
323 952 477 1016 radicitus
501 975 519 1017 e
543 954 614 1018 vita
636 975 671 1017 se
695 954 782 1018 tollit
808 964 841 1018 et
866 954 950 1031 eicit,

238 1055 297 1120 sed
321 1056 398 1121 facit
422 1079 490 1122 esse
513 1058 565 1121 sui
588 1057 744 1143 quiddam
767 1079 864 1142 super
888 1056 1007 1121 inscius
1029 1057 1108 1142 ipse.

171 1194 175 1201 ·
238 1160 332 1225 vivus
354 1162 442 1225 enim
466 1162 529 1227 sibi
552 1186 626 1227 cum
649 1164 801 1249 proponit
826 1162 962 1247 quisque
985 1162 1140 1240 futurum,

240 1288 354 1352 corpus
377 1267 426 1331 uti
450 1268 595 1333 volucres
618 1268 761 1332 lacerent
786 1269 821 1331 in
844 1276 947 1331 morte
972 1266 1131 1352 feraeque,
1245 1269 1310 1333 880

241 1372 310 1457 ipse
333 1372 383 1436 sui
405 1372 551 1452 miseret3
574 1395 680 1458 neque
704 1372 793 1436 enim
818 1394 852 1435 se
877 1371 992 1435 dividit
1016 1370 1110 1447 illim,

240 1497 301 1539 nec
324 1486 468 1542 removet
491 1477 571 1541 satis
594 1500 615 1541 a
637 1476 780 1562 proiecto
804 1498 935 1562 corpore
960 1485 994 1541 et
1017 1476 1109 1540 illum

241 1602 275 1644 se
298 1581 393 1666 fingit
417 1604 576 1667 sensuque
600 1604 658 1646 suo
682 1581 883 1645 contaminat
906 1592 1021 1646 astans.

242 1685 317 1749 hinc
340 1685 529 1771 indignatur
552 1708 587 1750 se
610 1686 782 1751 mortalem
807 1708 875 1749 esse
899 1694 1043 1749 creatum

242 1810 301 1853 nec
323 1788 470 1853 videtin
491 1812 569 1854 vera
593 1790 719 1854 nullum
744 1790 811 1854 fore
836 1800 939 1855 morte
964 1790 1065 1853 alium
1088 1810 1123 1853 se
1246 1789 1306 1868 885

241 1894 297 1978 qui
320 1893 422 1979 possit
444 1895 537 1959 vivus
561 1895 623 1960 sibi
647 1917 680 1960 se
705 1895 816 1980 lugere
839 1905 1047 1980 peremptum

241 2003 393 2081 stansque
416 1996 576 2062 iacentem
599 2020 632 2064 se
653 1998 787 2062 lacerari
810 1998 902 2062 urive
926 1996 1042 2061 dolere.

241 2122 317 2163 nam
341 2101 427 2165 siin
449 2113 553 2167 morte
577 2104 731 2168 malumst
754 2103 850 2167 malis
874 2123 1048 2185 morsuque
1072 2099 1212 2164 ferarum

241 2204 381 2281 tractari,
404 2226 469 2268 non
490 2206 621 2271 invenio
644 2207 788 2291 quinon
812 2206 854 2270 sit
876 2205 1028 2269 acerbum

241 2308 370 2393 ignibus
392 2309 568 2396 inpositum
592 2310 704 2375 calidis
725 2319 899 2375 torrescere
922 2307 1061 2373 flammis
1246 2306 1310 2386 890

242 2419 300 2474 aut
322 2412 356 2475 in
377 2412 472 2476 melle
494 2413 594 2476 situm
616 2413 764 2477 suffocari
787 2422 885 2497 atque
907 2411 1010 2497 rigere

239 2514 364 2599 frigore,
387 2538 460 2579 cum
482 2538 609 2579 summo
631 2516 730 2600 gelidi
753 2516 851 2580 cubat
873 2535 1010 2599 aequore
1033 2512 1110 2589 saxi,

240 2618 387 2703 urgerive
409 2642 546 2704 superne
569 2620 727 2684 obtritum
750 2619 893 2704 pondere
915 2627 1028 2682 terrae.

284 2721 374 2785 ‘Iam
395 2722 460 2786 iam
482 2745 548 2787 non
571 2722 686 2787 domus
707 2722 845 2807 accipiet
867 2729 900 2785 te
923 2721 1016 2796 laeta,
1040 2739 1146 2804 neque
1169 2738 1250 2781 uxor

240 2823 366 2908 optima
387 2847 445 2889 nee
467 2823 577 2890 dulces
599 2833 766 2889 occurrent
790 2823 897 2888 oscula
919 2821 989 2885 nati
1244 2819 1304 2899 895

239 2929 422 3014 praeripere
445 2937 479 2994 et
500 2929 600 2994 tacita
622 2938 735 3014 pectus
758 2926 928 2991 dulcedine
950 2930 1095 3008 tangent.

240 3052 309 3095 non
331 3032 450 3115 poteris
472 3031 565 3096 factis
587 3031 777 3096 florentibus
799 3053 875 3108 esse,
898 3029 1028 3114 tuisque

237 3135 442 3221 praesidium.
467 3137 583 3201 misero
605 3137 729 3201 misere'
750 3137 845 3200 aiunt
868 3136 995 3200 ‘omnia
1016 3131 1139 3198 ademit

239 3260 307 3302 una
328 3238 396 3302 dies
417 3239 535 3303 infesta
556 3239 618 3303 tibi
641 3247 690 3304 tot
712 3240 858 3324 praemia
878 3238 981 3301 vitae?

238 3339 322 3403 illud
343 3341 378 3404 in
399 3341 449 3404 his
471 3342 567 3406 rebus
589 3364 655 3406 non
677 3341 804 3406 addunt
828 3349 904 3404 ‘nec
926 3339 987 3403 tibi
1010 3359 1122 3404 earum
1244 3351 1310 3421 900

134 3470 163 3497 f
239 3441 306 3506 iam
329 3443 525 3509 desiderium
547 3466 655 3508 rerum
677 3466 774 3530 super
796 3442 916 3508 insidet
939 3442 1020 3505 una’

143 3612 262 3669 Nonius,
275 3618 427 3673 meresceret
437 3626 510 3661 mssa
532 3611 564 3662 ds
578 3615 632 3661 nat.
645 3611 715 3661 deor.
727 3625 749 3663 11
762 3612 810 3660 160
821 3626 850 3660 ne
863 3617 1001 3673 putesceret
1011 3622 1074 3657 mss.
1088 3604 1211 3669 speaking
1221 3604 1248 3653 of
1264 3602 1310 3653 the

143 3694 321 3756 something.
420 3697 468 3747 878
485 3711 534 3745 non
544 3698 666 3745 sinodum
685 3695 754 3743 Flor.
763 3696 795 3743 31
816 3694 905 3743 (lamb.
917 3694 993 3742 Pont.
1010 3692 1074 3741 Mar.
1087 3690 1127 3739 ior
1143 3706 1174 3739 no
1187 3690 1310 3738 sincerrrm

145 3777 170 3825 A
183 3775 268 3833 Nice„
278 3792 323 3824 nor
333 3778 395 3825 rtur.
407 3776 438 3825 B.
537 3779 702 3827 subruerent
712 3777 783 3829 Niso.
796 3780 836 3827 lor
851 3782 968 3828 iacerent.
1067 3779 1114 3826 881
1132 3777 1226 3825 dividit
1243 3777 1310 3823 illim

145 3857 179 3905 A.
222 3858 291 3904 vidit
310 3858 383 3906 tuum
402 3858 433 3905 B.
474 3859 568 3907 dividit
586 3860 658 3907 illum
675 3859 747 3907 Nica.
790 3861 884 3908 diuidit
904 3861 983 3908 hilum
1001 3858 1071 3906 Flor.
1080 3859 1110 3907 31
1132 3855 1221 3906 Cumb.
1243 3854 1309 3903 Mar.

143 3937 265 3985 vindicat
277 3939 357 3986 hilum
367 3937 460 3987 hamb
559 3939 607 3988 886
626 3940 675 3999 Qut
686 3939 756 3988 Flor.
766 3940 798 3987 31
811 3939 881 3987 Mon
894 3940 969 4001 Pont.
981 3939 1038 3987 Ald.
1048 3940 1061 3987 l
1073 3939 1147 3988 Junt.
1159 3938 1199 3985 for
1212 3938 1269 3984 Cui.

181 4020 231 4068 887
242 4034 268 4066 re
279 4017 362 4066 added
372 4018 407 4081 by
417 4019 487 4068 Flor.
497 4020 528 4069 31
541 4019 629 4069 Gamb.
642 4021 736 4070 Arane.
771 4023 854 4069 dolere
866 4021 935 4070 Mon.
947 4036 973 4083 p.
982 4035 1018 4069 m.
1027 4021 1118 4070 Lamb.
1129 4020 1169 4067 ior
1180 4020 1269 4067 dolore.

183 4100 233 4149 888
250 4102 368 4148 obtritum
380 4100 455 4147 Pont.
468 4100 533 4149 Mar.
546 4100 603 4149 ΔΜ.
615 4103 628 4148 1
646 4102 719 4151 Junt.
733 4102 773 4150 for
784 4103 906 4150 obrutum.
1005 4098 1120 4152 8941απι
1134 4103 1185 4147 ium
1199 4098 1269 4146 Flor.
1278 4096 1309 4145 31

145 4186 163 4234 4
175 4183 237 4231 vu.
247 4180 328 4230 hauh.
362 4183 462 4230 Antium
472 4183 494 4229 Δ
505 4182 575 4230 Nico.
612 4184 719 4232 Virrium
729 4184 761 4232 Β.
796 4185 831 4231 Ar
844 4186 892 4232 ium
903 4185 979 4232 Pont.
992 4184 1055 4233 Mar.
1066 4183 1124 4232 hld.
1134 4183 1147 4230 1
1159 4181 1174 4228 J
1177 4185 1232 4228 unt.
1241 4179 1310 4239 vulg.

146 4271 185 4317 At
196 4270 249 4315 iam
259 4265 283 4315 is
295 4265 407 4328 perhaps
421 4264 499 4327 right.
596 4267 644 4316 897
655 4268 704 4317 898
715 4265 809 4315 Lamb.
820 4264 868 4314 has
879 4264 1000 4329 departsd
1010 4265 1101 4328 widely
1112 4265 1179 4312 {rom
1190 4261 1236 4310 the
1247 4273 1310 4306 111⁸!-

146 4350 261 4403 without
277 4364 329 4412 any
345 4363 431 4408 conss,
442 4348 548 4412 reading
559 4351 605 4400 sut
617 4351 727 4413 sortibus
744 4350 786 4400 ior
796 4351 952 4413 florentibus,
963 4351 1037 4400 miser
1053 4366 1068 4399 o
1083 4350 1157 4398 miser
1168 4346 1207 4394 lor
1223 4344 1313 4392 misero
