3092 4984
700 301 732 367 V

218 476 280 519 nec
301 453 401 518 simili
425 453 552 518 Venere
574 453 747 520 ardescunt
768 477 829 521 nce
850 458 993 525 moribus
1014 460 1088 526 unia

196 557 425 642 conveniunt,
448 578 555 642 neque
577 567 654 623 sunt
677 558 791 624 eadem
813 560 954 627 iucunda
975 586 1034 649 per
1054 573 1155 632 artus.

219 662 341 747 quippe
366 660 473 730 videre
495 661 573 725 licet
595 661 804 747 pinguescere
826 686 924 750 saepe
946 667 1052 733 cicuta

219 764 404 849 barbigeras
426 763 574 849 pecudea,
598 763 723 829 homini
746 787 830 849 quae
853 773 902 831 est
924 790 996 834 acre
1017 792 1189 837 venenum
1233 787 1300 855 900

219 866 353 931 flamma
374 866 507 952 quidem
530 886 601 933 aero
623 888 698 930 cum
720 888 853 952 corpora
874 868 964 935 fulva
983 871 1116 938 leonum

217 979 287 1035 tam
309 970 413 1036 soleat
434 979 555 1035 torrere
578 979 678 1055 atque
700 993 794 1036 urere
817 994 916 1057 quam
938 996 1041 1059 genus
1064 998 1159 1042 omne

219 1076 356 1141 visceris
372 1075 407 1140 in
429 1074 523 1139 terrie
545 1074 773 1160 quodcumque
795 1082 830 1140 et
852 1077 1019 1161 sanguinis
1041 1086 1140 1155 extet,

219 1180 277 1265 qui
299 1178 369 1243 fieri
391 1178 509 1265 potuit,
532 1178 652 1264 triplici
674 1200 749 1242 cum
771 1201 902 1265 corpore
924 1188 963 1245 ut
984 1203 1059 1258 una,

218 1281 325 1366 prima
345 1281 404 1359 leo,
426 1289 592 1366 postrema
613 1280 717 1356 draco,
740 1280 850 1346 media
871 1282 950 1368 ipsa,
974 1282 1148 1349 Chimaera
1234 1298 1295 1366 905

218 1406 273 1449 ore
296 1383 380 1448 foras
402 1406 509 1448 acrem
531 1383 626 1448 flaret
648 1382 689 1448 de
712 1405 843 1469 corpore
865 1385 1052 1452 flammam?

219 1510 320 1573 quare
343 1488 444 1553 etiam
466 1488 582 1552 tellure
604 1509 689 1551 nova
710 1488 864 1572 caeloque
885 1489 1008 1554 recenti

218 1590 298 1655 talia
319 1590 377 1676 qui
399 1589 494 1675 fingit
516 1589 659 1675 potuisse
682 1590 837 1655 animalia
856 1590 957 1677 gigni,

218 1693 315 1757 nixus
338 1693 373 1756 in
395 1693 456 1757 hoc
478 1715 544 1756 uno
566 1693 721 1758 novitatis
743 1694 876 1758 nomine
899 1693 998 1772 inani,

217 1797 324 1860 multa
344 1795 421 1860 licet
442 1795 541 1859 simili
562 1796 689 1860 ratione
711 1796 842 1862 effutiat
864 1819 928 1876 ore,

217 1920 315 1962 aurea
336 1906 409 1962 tum
432 1897 520 1962 dicat
542 1920 600 1983 per
621 1907 723 1963 terras
745 1899 884 1964 flumina
904 1900 1001 1986 vulgo

218 2000 349 2065 fluxisse
371 2009 406 2066 et
426 2001 565 2086 gemmis
587 2001 700 2067 florere
722 2003 856 2068 arbusta
876 2011 985 2071 messe

218 2112 276 2168 aut
298 2103 465 2169 hominem
487 2112 590 2169 tanto.
602 2105 823 2170 membrorum
845 2128 913 2172 esse
934 2108 1056 2194 impete
1077 2118 1200 2188 natum,

217 2214 308 2270 trans
329 2205 432 2270 maria
453 2206 521 2270 alta
541 2206 663 2292 pedum
685 2207 776 2272 nisus
797 2219 836 2274 ut
857 2230 977 2295 ponere
999 2220 1108 2297 possm

218 2316 252 2373 et
274 2308 425 2372 manibus
447 2316 556 2373 totum
578 2308 755 2375 circumeo
778 2320 904 2377 vertere
927 2314 1060 2381 caelum.
1230 2328 1293 2396 915

217 2431 294 2474 nam
316 2409 403 2495 quod
425 2410 530 2475 multa
551 2411 640 2476 fuere
662 2411 698 2475 in
720 2412 815 2477 terris
837 2415 1092 2481 seminatorum

218 2520 366 2597 tempore
387 2535 452 2597 quo
474 2513 617 2598 primum
639 2514 737 2579 tellus
759 2516 914 2582 animalia
935 2517 1030 2599 fudit,

217 2616 265 2679 nil
286 2624 397 2682 tamen
420 2610 470 2683 est
490 2617 575 2703 signi
596 2618 716 2683 mixtas
737 2620 882 2705 potuisse
904 2622 1005 2687 creari

216 2721 303 2786 inter
324 2745 359 2787 se
380 2723 520 2808 pecudes
542 2733 774 2810 compactaque
796 2725 944 2790 membra
964 2726 1176 2804 animantum,

216 2836 386 2913 propterea
409 2829 486 2913 quia
507 2850 591 2913 quae
613 2828 653 2893 de
676 2829 770 2893 terris
792 2851 879 2894 nunc
895 2851 1024 2916 quoque
1038 2831 1207 2895 abundant
1228 2847 1294 2914 920

218 2931 392 2996 herbarum
413 2954 535 3016 genera
556 2954 593 2995 ac
615 2932 723 3016 fruges
745 2931 943 3016 arbustaque
964 2933 1052 2998 lacta

216 3057 283 3099 non
306 3042 418 3100 tamen
440 3034 526 3100 inter
547 3057 581 3100 se
602 3042 738 3120 possunt
760 3034 929 3119 complexa
950 3035 1058 3111 creari,

217 3138 275 3203 sed
296 3161 348 3203 res
370 3160 519 3224 quaeque
542 3160 599 3202 suo
621 3137 689 3202 ritu
710 3138 856 3224 procedit
878 3146 912 3203 et
934 3159 1046 3203 omnes

216 3240 346 3306 saedere
368 3249 505 3305 naturae
527 3247 615 3305 certo
637 3239 824 3305 discrimina
845 3248 983 3306 servant

260 3343 307 3406 At
328 3365 432 3427 genus
454 3341 636 3406 humanum
658 3342 762 3407 multo
784 3342 849 3407 fuit
870 3341 952 3407 illud
967 3342 1010 3431 ‘in
1032 3341 1117 3408 arvis
1227 3358 1288 3426 925

215 3443 336 3522 durius,
358 3453 398 3510 ιιι
420 3443 539 3521 decuit,
562 3445 660 3510 tellus
682 3444 771 3530 quod
793 3444 876 3509 dura
896 3452 1045 3522 creasset,

216 3554 252 3612 et
274 3547 450 3613 maioribus
473 3556 507 3613 ct
529 3548 639 3613 solidis
660 3547 765 3634 magis
787 3546 911 3613 ossibus
932 3547 1022 3612 intus

214 3651 396 3731 fundatum,
418 3651 534 3717 validis
555 3659 671 3738 aptum
693 3673 752 3737 per
772 3650 896 3716 viscera
916 3650 1032 3730 nervis,

124 3863 184 3914 712.
282 3863 331 3914 896
343 3865 475 3927 proiciunt
491 3864 584 3916 Lamb.
597 3864 627 3916 in
646 3867 721 3916 notes
737 3868 765 3916 ιο
782 3865 823 3917 od.
835 3868 850 3916 1
862 3866 915 3918 and
930 3866 960 3918 in
973 3866 1012 3919 arb
1025 3868 1050 3928 ι,
1064 3867 1131 3919 atter
1145 3866 1290 3927 Turnebus,

123 3946 166 3996 for
178 3947 326 4011 projiciam.
425 3950 474 4000 901
491 3966 550 4001 vero
567 3949 651 4000 added
666 3949 702 4013 by
718 3950 800 4001 mal
819 3951 894 4002 Junt.
916 3951 971 4018 (not
990 3951 1066 4002 Pont.
1081 3967 1111 4003 or
1128 3951 1204 4017 Mar.)
1221 3951 1291 4015 vulg.

124 4028 241 4090 Deniqru
252 4027 278 4090 s.
290 4043 314 4090 q.
326 4028 407 4078 Lech.
440 4031 538 4089 Ardua,
550 4031 630 4093 lynea
640 4030 737 4081 others.
835 4033 884 4084 904
900 4040 930 4082 ιιι
946 4048 999 4083 una
1014 4033 1087 4084 Brix.
1102 4032 1178 4084 Pont.
1194 4033 1290 4083 Ama.

124 4108 167 4158 ror
177 4115 206 4157 ut
216 4123 302 4158 mnam.
339 4112 428 4160 iuncta
439 4110 504 4161 Mar.
516 4112 591 4163 runt.
698 4113 747 4163 906
758 4114 834 4177 sorar
844 4114 955 4178 Nauger.
967 4115 1095 4180 furseros.
1127 4118 1202 4180 ,teron
1213 4114 1288 4166 Pont

123 4188 200 4237 runt.
228 4188 314 4252 serem
331 4189 396 4240 Mar.
495 4193 544 4242 914
556 4207 650 4256 ponere
666 4192 690 4242 B
710 4207 775 4243 corr.
795 4193 861 4244 Mar.
880 4196 956 4246 sunt.
976 4194 1016 4245 ior
1033 4197 1150 4259 ponam.
1178 4196 1290 4257 pendere

123 4270 223 4319 Arana
322 4272 370 4322 923
387 4273 439 4323 Sed
449 4288 489 4323 m
499 4290 610 4338 quaequac
621 4274 671 4324 Ed.
683 4274 724 4325 ior
738 4275 791 4326 Sed
800 4278 824 4327 ri
835 4292 956 4340 quaeque.
990 4277 1041 4326 8ιά
1051 4278 1088 4326 ric
1100 4277 1212 4339 qrwdqra
1223 4272 1288 4323 Mar.

124 4351 171 4415 (ric
183 4350 269 4417 Pont.)
303 4352 354 4402 Res
369 4355 407 4403 ric
423 4353 516 4406 Lamb.
549 4356 602 4405 Sed
617 4358 657 4405 vir
673 4354 754 4406 Leon
854 4357 902 4408 92⁵
918 4347 1045 4406 Arbion
1057 4354 1097 4405 ior
1107 4356 1158 4414 Eu
1174 4351 1228 4403 and
1243 4351 1289 4403 the

1160 4450 1202 4515 16
