3092 4984
697 358 728 423 V

215 520 250 576 et
276 533 382 599 neque
406 509 570 597 opinantis
595 510 738 576 tenebris
762 509 921 577 obducere
945 520 1056 592 terras,

214 636 290 679 cum
316 613 409 700 quasi
434 613 586 678 uenirent
612 621 646 678 et
666 622 779 699 aperto
805 613 928 679 lumine
951 637 1081 680 rursum

215 717 326 782 omnia
347 716 520 782 convisunt
541 717 627 782 clara
650 716 721 782 loca
745 717 986 797 candidulum,

215 844 303 888 nunc
325 822 422 888 redeo
445 822 487 887 sd
512 821 626 887 mundi
652 823 832 888 novitatem
855 831 891 888 et
913 822 1024 888 mollia
1046 830 1151 888 terrae
1226 827 1292 907 780

215 947 301 1004 arva,
326 947 410 991 novo
435 926 505 991 fetu
529 924 609 1011 quid
635 925 777 1010 primum
802 925 837 989 in
861 925 994 990 luminis
1021 947 1092 991 oras

215 1029 330 1094 tollere
354 1038 389 1095 et
412 1029 544 1095 insertis
568 1028 689 1096 crerint
714 1029 918 1095 committere
941 1029 1057 1095 ventis

258 1131 419 1217 Principio
444 1154 547 1217 genus
572 1131 747 1197 herbarum
772 1131 974 1217 viridemque
998 1132 1137 1198 nitorem
1199 1086 1269 1178 s

215 1243 303 1300 terra
323 1236 415 1302 dedit
436 1237 557 1301 circum
579 1236 669 1302 collis
691 1258 885 1322 camposque
909 1259 968 1323 per
991 1237 1104 1317 omnis,

214 1338 328 1404 florida
349 1339 510 1405 fulsemnt
533 1339 688 1404 viridanti
713 1348 809 1425 prata
833 1340 946 1419 colore,
1014 1406 1019 1415 ,
1224 1346 1285 1426 785

214 1441 445 1527 arboribusque
468 1441 614 1506 datumst
639 1440 736 1505 variis
762 1441 879 1506 exinde
904 1464 963 1527 per
985 1465 1080 1508 auras

214 1544 376 1611 creseendi
402 1567 557 1631 magnum
580 1545 721 1610 inmissis
743 1553 908 1610 certamen
933 1544 1078 1612 habenis.

215 1658 254 1714 ut
278 1649 392 1735 pluma
416 1658 516 1735 atque
529 1649 601 1738 ¹pili
626 1650 768 1735 primum
795 1658 968 1735 saetaeque
994 1660 1145 1717 creantur

215 1751 452 1838 quadripedum
477 1751 631 1817 membris
655 1760 689 1817 et
713 1773 844 1837 corpure
869 1752 1150 1839 pennipotentum,

215 1857 262 1920 sic
286 1865 468 1921 novatum
489 1857 588 1922 tellus
611 1857 728 1922 herbas
752 1856 959 1942 virgultaque
979 1858 1121 1943 primum
1225 1873 1290 1942 790

216 1961 356 2039 sustulit,
380 1961 457 2027 inde
480 1961 541 2026 luci
567 1963 717 2027 mortalia
742 1961 848 2027 saecla
867 1960 989 2026 crearit

215 2064 320 2130 multa
342 2065 445 2131 modis
469 2066 581 2131 multis
609 2068 697 2131 varia
721 2066 847 2132 ratione
872 2074 988 2131 morta

216 2188 293 2230 nam
316 2190 421 2253 neque
448 2168 489 2233 de
512 2169 600 2234 caelo
624 2168 776 2234 cecidisse
799 2167 955 2233 animalia
980 2176 1115 2253 possunt

215 2292 276 2336 nec
298 2272 464 2337 terrestria
486 2272 526 2338 de
552 2273 643 2338 salsis
669 2274 772 2339 exisse
799 2272 930 2338 lacunis.

215 2375 376 2461 linquitur
401 2385 440 2442 ut
462 2377 579 2443 merito
602 2387 789 2443 maternum
813 2399 932 2443 nomen
957 2377 1077 2464 adepta
1224 2393 1284 2463 795

215 2487 303 2543 terra
326 2478 378 2556 sit,
405 2488 534 2544 eterra
559 2479 713 2565 quoniam
739 2487 818 2544 sunt
841 2488 959 2545 cuncta
981 2489 1097 2546 creata

215 2582 384 2669 multaque
409 2586 620 2650 nuncetiam
647 2585 793 2650 existunt
818 2584 971 2650 animalia
995 2585 1089 2650 terris

214 2685 372 2753 imbribus
395 2696 430 2753 et
452 2688 555 2753 calido
577 2688 652 2753 solis
678 2695 827 2753 concreta
851 2711 992 2774 vapore3

215 2812 280 2876 quo
305 2791 414 2857 minus
439 2801 489 2857 est
513 2792 633 2858 mirum
656 2791 684 2857 si
709 2800 782 2857 tum
805 2799 883 2856 sunt
906 2791 1001 2877 plura
1023 2797 1132 2857 coorta

214 2903 249 2959 et
271 2895 399 2975 maiora,
425 2919 510 2962 nova
532 2897 649 2962 tellure
674 2904 774 2980 atque
797 2895 929 2961 aethere
954 2894 1077 2961 adulta.
1223 2895 1288 2958 800

214 2998 373 3084 principio
394 3021 497 3085 genus
521 2999 662 3065 alituum
688 3001 861 3087 variaeque
882 3000 1027 3067 volucres

214 3122 276 3166 ova
300 3101 529 3187 relinquebant
548 3104 697 3169 exclusae
721 3110 867 3190 tempore
892 3126 999 3181 verno,

214 3203 372 3269 folliculos
397 3213 436 3270 ut
459 3228 546 3271 nunc
568 3206 682 3272 teretis
704 3216 829 3272 aestate
852 3206 980 3272 cicadae

214 3305 342 3372 lincunt
363 3316 478 3393 sponte
502 3330 561 3373 sua
586 3309 710 3374 victum
733 3308 901 3395 vitamque
924 3316 1081 3394 petentes

214 3416 288 3474 tum
312 3409 374 3475 tibi
399 3419 487 3475 terra
509 3410 600 3476 dedit
625 3411 768 3498 primum
792 3410 942 3475 mortalia
966 3408 1079 3474 saecla.
1221 3410 1284 3490 803

213 3511 337 3576 multus
362 3512 450 3577 enim
474 3512 559 3578 calor
582 3522 681 3599 atque
703 3535 799 3579 umor
822 3510 996 3597 superabat
1021 3510 1056 3575 in
1082 3509 1176 3576 arvis.

213 3614 276 3679 hoc
301 3614 359 3680 ubi
382 3616 616 3702 quaequs'loci
639 3616 728 3702 regio
751 3625 933 3701 opportuna
958 3613 1105 3695 dabatur,

214 3721 402 3786 crescebant
427 3720 514 3786 uteri
536 3729 657 3786 terram
680 3719 842 3786 radicibus
865 3717 950 3804 apti3

214 3843 296 3908 quos
321 3822 378 3888 ubi
403 3831 550 3909 tempore
572 3830 701 3887 maturo
723 3820 922 3908 patefecerat
944 3827 1055 3898 aestus

123 4011 201 4061 June.
216 4008 328 4073 Nauger.
341 4008 436 4060 hamb.
453 4009 508 4060 Gil.
523 4005 619 4060 Cressis
634 4006 709 4058 Wah
808 4005 858 4060 ’188
876 4008 973 4059 Tollere
989 4013 1014 4058 et
1029 4007 1106 4058 Pont.
1123 4005 1189 4058 Mar·
1206 4005 1287 4057 alar

124 4092 201 4142 June.
222 4090 263 4141 tor
283 4093 400 4143 Tatteret.
433 4093 528 4166 crertm
545 4093 695 4142 summittere
713 4089 794 4141 Orelli
813 4091 860 4141 sul.
878 4092 947 4154 post.
962 4091 1031 4151 Lat..
1048 4089 1152 4153 Madvig
1168 4089 1197 4140 ln
1215 4090 1287 4139 Hen-

122 4172 231 4223 richsen
247 4172 279 4223 ds
294 4172 358 4236 trag.
370 4173 444 4224 eut.
459 4187 486 4235 p.
497 4173 540 4231 88,
551 4172 632 4223 Lech.
644 4171 680 4222 all
694 4171 768 4223 three
784 4171 988 4236 independently
1003 4171 1045 4223 ior
1059 4174 1162 4224 aedunt
1178 4173 1288 4221 mmerit-

125 4264 188 4305 rere.
223 4257 329 4304 mtarit
347 4256 445 4306 creden
464 4252 556 4305 lamb.
654 4256 703 4305 800
719 4258 817 4306 maiora
835 4256 911 4307 Pont.
927 4255 993 4308 Mar.
1009 4257 1104 4307 Arane.
1122 4254 1152 4304 ln
1168 4255 1244 4303 notes
1261 4256 1289 4303 at

123 4334 179 4387 and
189 4334 218 4385 ol
229 4335 358 4396 Catullus,
369 4335 444 4386 Jnnt.
455 4335 496 4386 tor
504 4338 607 4387 natue.
709 4338 758 4388 806
770 4339 889 4403 primum.
919 4341 1017 4403 panim
1026 4336 1105 4389 Inch.
1117 4333 1227 4386 without
1237 4347 1290 4396 any

124 4415 267 4479 nssmity.
366 4417 416 4468 808
427 4424 518 4468 terrm
525 4417 570 4467 AB
579 4416 651 4468 llius.
659 4416 764 4483 rightly.
798 4427 880 4471 terras
890 4420 960 4483 vulg.
969 4419 1057 4470 heloro
1066 4415 1147 4468 meh.
1239 4414 1289 4465 809
