3092 4984
673 313 721 377 v1

200 469 331 534 scimus
361 469 445 532 item
465 466 501 531 in
522 466 637 531 multis
659 467 721 532 hoc
741 468 840 533 rebus
861 468 968 535 dicere
989 471 1154 537 habemus.

246 572 345 635 Nilus
367 572 403 634 in
424 579 586 634 aestatem
607 571 723 634 crescit
744 572 931 657 campisque
953 573 1122 652 redundat,

200 675 318 738 unicus
341 674 377 737 in
397 672 494 737 terris
516 673 662 757 Aegypti
683 672 787 736 totins
808 675 923 739 amnis

199 776 230 841 is
252 777 338 861 rigat
358 777 549 861 Aegyptum
571 775 720 839 medium
741 797 801 860 per
821 799 917 861 saepe
938 778 1086 858 ealorem,

201 889 262 943 aut
287 879 366 963 quia
387 887 466 942 sunt
491 889 616 942 aestate
640 879 809 962 aquilones
834 880 919 942 ostia
945 891 1065 957 eontra,

201 985 283 1058 anni
304 993 452 1069 tempore
474 1006 513 1048 eo
539 984 597 1069 qni
620 986 741 1048 etesiae
764 1006 834 1048 esse
856 984 1013 1063 feruntur,

199 1096 235 1154 et
257 1097 370 1152 eontra
391 1086 529 1151 fluvium
552 1086 669 1150 flantes
690 1097 896 1150 remorantur
917 1099 951 1152 et
974 1088 1079 1153 undas

199 1200 353 1275 cogentes
375 1213 485 1254 sursus
506 1190 636 1274 replent
657 1201 842 1275 mgmtque
864 1213 1003 1256 manere

199 1318 279 1360 nam
302 1294 401 1360 dubio
422 1293 536 1379 procul
557 1294 638 1357 haee
659 1293 793 1358 adverso
814 1295 917 1360 flabra
937 1296 1086 1361 seruntur

199 1397 344 1473 flumine,
367 1418 452 1481 quae
473 1394 590 1481 gelidis
612 1395 655 1458 ab
676 1395 780 1459 stellis
801 1396 872 1460 axis
894 1407 1044 1481 agimtur.

199 1502 257 1567 ille
279 1524 321 1566 ex
342 1500 493 1565 aestifera
513 1500 600 1584 parti
626 1501 717 1564 venit
738 1501 844 1564 amnis
865 1502 908 1566 ab
929 1511 1047 1579 austro,

199 1606 287 1669 inter
308 1604 402 1688 nigra
422 1602 529 1666 virum
551 1611 698 1686 percocto
720 1602 825 1666 saecla
845 1603 949 1668 oolore

198 1709 347 1776 exoriens
368 1706 500 1793 penitus
521 1705 631 1770 media
652 1705 695 1771 ab
716 1707 848 1792 regione
869 1707 942 1773 diei.

200 1823 252 1879 est
274 1833 404 1898 quoque
425 1811 476 1875 uti
497 1811 601 1896 pomit
622 1833 760 1897 magnus
783 1821 953 1898 congestus
974 1813 1114 1877 harenae

198 1917 354 1983 fluctibus
375 1915 517 1980 adversis
539 1915 681 2002 oppilare
704 1916 788 1981 ostia
809 1927 930 1994 eontra,

199 2046 277 2090 eum
299 2044 390 2086 mare
410 2029 598 2107 permotum
619 2021 726 2085 ventis
747 2020 815 2085 ruit
837 2021 927 2084 intus
948 2020 1122 2099 harenam3

198 2151 265 2216 quo
287 2127 326 2192 fit
348 2126 398 2190 uti
419 2135 515 2211 pacto
537 2125 620 2189 liber
640 2125 751 2189 minus
772 2125 880 2188 exitus
902 2124 991 2188 amni

197 2245 234 2299 et
255 2230 404 2317 proclivis
429 2230 511 2294 item
533 2229 591 2294 fiat
612 2229 721 2293 minus
743 2229 886 2314 impetus
908 2228 1015 2293 undis.

196 2335 238 2398 fit
259 2354 388 2418 quoque
410 2331 460 2395 uti
482 2331 612 2417 pluviae
634 2332 741 2395 forsan
763 2330 867 2416 magis
890 2330 932 2395 ad
954 2338 1053 2417 caput
1074 2330 1105 2396 ei

195 2444 344 2518 tempore
368 2455 406 2497 eo
429 2433 519 2509 fiant,
542 2432 629 2517 quod
651 2434 753 2496 etesia
773 2433 877 2499 flabra
897 2435 1088 2520 aquilonum

194 2539 311 2604 nubila
331 2537 494 2602 coniciunt
519 2537 555 2601 in
577 2558 631 2602 eas
653 2546 732 2602 tunc
754 2539 865 2603 omnia
885 2541 994 2624 partis

196 2642 319 2707 scilicet
340 2640 382 2705 ad
406 2640 548 2705 medinm
572 2640 737 2725 regionem
760 2642 865 2706 eiecta
885 2643 951 2707 diei

195 2767 272 2810 cum
294 2751 522 2821 convenerunt,
545 2743 591 2807 ibi
614 2742 655 2808 ad
678 2744 761 2808 altos
784 2744 923 2830 deniqne
945 2745 1064 2810 montis

195 2857 365 2914 contrusae
386 2848 490 2911 nubes
512 2855 672 2932 coguntur
692 2848 791 2933 vique
812 2856 1012 2934 premuntur.

194 2951 329 3018 forsitan
349 2951 550 3038 Aethiopum
572 2952 704 3036 penitus
726 2951 766 3017 de
789 2952 953 3016 montibus
975 2952 1049 3016 altis
1202 2963 1262 3031 735

193 3063 324 3130 creseat„
347 3053 405 3119 ubi
426 3054 461 3118 in
483 3076 613 3140 campos
634 3056 724 3120 albas
746 3055 938 3120 descendere
961 3055 1099 3141 ningues

194 3158 333 3224 tabificis
355 3157 477 3243 subigit
498 3158 596 3222 radiis
618 3158 666 3223 sol
686 3160 798 3223 omnia
818 3160 967 3224 lustrans.

243 3262 342 3326 Nunc
357 3283 427 3347 age,
443 3262 575 3325 Averna
588 3261 650 3326 tibi
665 3284 748 3347 quae
764 3261 831 3326 sint
845 3262 916 3326 loca
930 3282 1069 3345 cumque
1083 3260 1235 3344 lacusque

197 3364 378 3451 expediam,
401 3365 491 3450 quali
513 3374 632 3430 natura
652 3365 802 3452 praedita
823 3371 982 3430 constent.

190 3470 350 3556 principio
371 3469 457 3554 quod
479 3471 609 3535 Averna
629 3480 788 3536 vocantur
809 3470 948 3548 nomine,
971 3468 1006 3532 id
1028 3468 1070 3533 ab
1092 3488 1128 3532 re
1198 3481 1264 3550 740

136 3632 188 3684 708
203 3646 263 3681 nom
272 3646 350 3695 neque
360 3629 430 3682 Flor.
437 3632 469 3681 sl
481 3633 570 3683 camb.
582 3633 649 3684 Mar.
662 3633 703 3684 ior
712 3647 827 3696 nomque.
938 3630 986 3681 710
1005 3631 1095 3680 Vemm
1105 3627 1170 3679 Mar.
1182 3629 1264 3680 alal

101 3715 119 3765 J
120 3716 182 3764 unt.
194 3712 235 3762 ior
249 3713 344 3762 Utmm.
377 3716 483 3774 eonsqit
494 3717 517 3763 ei
530 3714 582 3779 (eii)
594 3714 631 3764 Is.
642 3714 717 3763 Voss.
728 3713 757 3762 in
767 3727 819 3763 ms.
830 3713 905 3763 notes
916 3712 956 3761 for
966 3713 1095 3761 contioicel
1105 3710 1137 3770 A,
1148 3713 1266 3761 contioite

100 3797 135 3854 Β,
148 3796 281 3846 cootioius
291 3792 363 3843 Nioo.
375 3795 425 3844 two
435 3792 510 3846 Van:
528 3809 544 3845 a
554 3794 654 3845 certain
665 3795 815 3845 correction.
849 3796 935 3845 concio
946 3791 1133 3844 dieatFlor.31
1144 3796 1194 3842 two
1204 3793 1264 3844 Vat.

100 3875 187 3928 Aldl
203 3873 298 3925 Lsmb.
310 3874 377 3925 edl
396 3875 450 3925 ond
468 3878 493 3927 3.
535 3880 619 3928 concio
638 3879 724 3927 credat
743 3876 834 3926 Comb.
852 3876 972 3927 onoVst.
989 3876 1060 3926 Mon.
1078 3875 1153 3925 sunt.
1170 3875 1263 3924 Lsmb.

100 3957 144 4010 sd
156 3958 182 4006 7.
281 3956 330 4008 710
340 3958 427 4022 flabra
436 3958 506 4009 Flor.
514 3959 545 4008 sl
559 3959 649 4009 Osmb.
661 3959 720 4009 Ver.
733 3958 799 4008 Ven.
810 3959 947 4022 forflobro.
1050 3959 1098 4012 777
1115 3959 1184 4008 omni
1196 3957 1263 4006 Mar.

100 4038 180 4089 Just.
191 4035 332 4086 doromnis.
453 4039 501 4090 779
518 4040 543 4089 ei
559 4039 604 4088 AB
619 4038 691 4089 Nioo.
703 4039 739 4088 all
751 4038 809 4088 Vst.
821 4038 893 4088 Brix.
905 4038 965 4088 Ver.
977 4037 1043 4089 Ven.
1083 4040 1136 4087 dm
1153 4036 1222 4086 Flor.
1231 4038 1262 4086 31

100 4117 195 4170 Camb.
212 4117 289 4166 Pont.
306 4116 373 4167 Mar.
391 4117 474 4169 Aldl
493 4119 568 4169 sunt.
585 4120 655 4184 vulg.
671 4119 759 4170 before
777 4119 858 4170 Looh.
957 4122 1006 4174 780
1023 4122 1089 4183 quoa
1105 4119 1170 4169 Mar.
1187 4118 1263 4168 Junt.

99 4199 200 4262 rightly
216 4199 257 4249 ior
272 4214 330 4261 quo,
343 4213 372 4249 os
389 4207 448 4251 tone
465 4200 577 4262 follows3
593 4201 641 4252 but
657 4215 687 4252 ss
703 4200 777 4252 sunt.
789 4202 874 4252 writes
890 4200 912 4252 it
929 4200 1148 4265 oompendionsly‚
1163 4213 1198 4248 no
1214 4213 1265 4249 ons

99 4281 189 4333 beiore
200 4279 282 4332 Laoh.
294 4281 407 4345 adopted
417 4283 447 4333 it.
542 4286 591 4336 736
607 4286 749 4335 &aonidae
760 4285 855 4335 Lamb.
867 4284 907 4334 tor
918 4286 1040 4334 decedere.
1124 4282 1172 4334 740
1188 4280 1262 4343 qood.

100 4380 151 4430 quo
166 4362 263 4415 Locha
289 4363 303 4415 1
319 4379 379 4417 nove
395 4364 473 4419 think
490 4364 548 4418 him
566 4380 660 4431 wrong.
694 4368 807 4432 qsod...‚
820 4382 908 4419 nonus
925 4367 954 4418 id
970 4364 1079 4416 Flor.81
1097 4362 1163 4413 Mar.
1180 4359 1261 4411 Aldl
