<?xml version="1.0" encoding="UTF-8"?>
<!DOCTYPE html PUBLIC "-//W3C//DTD XHTML 1.0 Transitional//EN"
    "http://www.w3.org/TR/xhtml1/DTD/xhtml1-transitional.dtd">
<html xmlns="http://www.w3.org/1999/xhtml" xml:lang="en" lang="en">
 <head>
  <title>
</title>
<meta http-equiv="Content-Type" content="text/html;charset=utf-8" />
  <meta name='ocr-system' content='tesseract 3.04.00' />
  <meta name='ocr-capabilities' content='ocr_page ocr_carea ocr_par ocr_line ocrx_word'/>
</head>
<body>
  <div class='ocr_page' id='page_1' title='image "./dererumnaturali01munrgoog_0172.png"; bbox 0 0 3092 4984; ppageno 0'>
   <div class='ocr_carea' id='block_1_1' title="bbox 705 247 1311 335">
    <p class='ocr_par' dir='ltr' id='par_1_1' title="bbox 705 247 1311 335">
     <span class='ocr_line' id='line_1_1' title="bbox 705 247 1311 335; baseline 0.01 -22"><span class='ocrx_word' id='word_1_1' title='bbox 705 247 761 313; x_wconf 88' lang='lat'>111</span> <span class='ocrx_word' id='word_1_2' title='bbox 1255 267 1311 335; x_wconf 82' lang='lat'>151</span> 
     </span>
    </p>
   </div>
   <div class='ocr_carea' id='block_1_2' title="bbox 239 400 1317 3906">
    <p class='ocr_par' dir='ltr' id='par_1_2' title="bbox 239 400 1317 2247">
     <span class='ocr_line' id='line_1_2' title="bbox 240 400 1311 487; baseline 0.001 -20"><span class='ocrx_word' id='word_1_3' title='bbox 240 425 306 481; x_wconf 87' lang='lat' dir='ltr'>neo,</span> <span class='ocrx_word' id='word_1_4' title='bbox 328 410 399 467; x_wconf 81' lang='lat' dir='ltr'>tam</span> <span class='ocrx_word' id='word_1_5' title='bbox 421 407 594 467; x_wconf 75' lang='lat' dir='ltr'>contextae</span> <span class='ocrx_word' id='word_1_6' title='bbox 616 422 692 466; x_wconf 88' lang='lat' dir='ltr'>cum</span> <span class='ocrx_word' id='word_1_7' title='bbox 713 401 789 479; x_wconf 86' lang='lat' dir='ltr'>sint,</span> <span class='ocrx_word' id='word_1_8' title='bbox 812 400 900 468; x_wconf 81' lang='lat' dir='ltr'>exire</span> <span class='ocrx_word' id='word_1_9' title='bbox 921 401 1075 468; x_wconf 90' lang='lat' dir='ltr'>videntur</span> <span class='ocrx_word' id='word_1_10' title='bbox 1249 404 1311 487; x_wconf 85' lang='lat'>695</span> 
     </span>
     <span class='ocr_line' id='line_1_3' title="bbox 240 504 993 591; baseline 0.003 -21"><span class='ocrx_word' id='word_1_11' title='bbox 240 505 417 571; x_wconf 86' lang='lat' dir='ltr'>incolumes</span> <span class='ocrx_word' id='word_1_12' title='bbox 440 527 533 591; x_wconf 86' lang='lat' dir='ltr'>posse</span> <span class='ocrx_word' id='word_1_13' title='bbox 555 514 590 571; x_wconf 89' lang='lat' dir='ltr'>et</span> <span class='ocrx_word' id='word_1_14' title='bbox 611 504 716 570; x_wconf 87' lang='lat' dir='ltr'>salvas</span> <span class='ocrx_word' id='word_1_15' title='bbox 738 505 902 571; x_wconf 80' lang='lat' dir='ltr'>exsolvere</span> <span class='ocrx_word' id='word_1_16' title='bbox 924 528 993 572; x_wconf 88' lang='lat' dir='ltr'>sese</span> 
     </span>
     <span class='ocr_line' id='line_1_4' title="bbox 239 607 1065 696; baseline 0.001 -22"><span class='ocrx_word' id='word_1_17' title='bbox 239 610 390 674; x_wconf 86' lang='lat' dir='ltr'>omuibus</span> <span class='ocrx_word' id='word_1_18' title='bbox 411 631 430 674; x_wconf 90' lang='lat' dir='ltr'>e</span> <span class='ocrx_word' id='word_1_19' title='bbox 452 608 560 674; x_wconf 89' lang='lat' dir='ltr'>nervis</span> <span class='ocrx_word' id='word_1_20' title='bbox 581 618 682 694; x_wconf 89' lang='lat' dir='ltr'>atque</span> <span class='ocrx_word' id='word_1_21' title='bbox 704 607 829 673; x_wconf 88' lang='lat' dir='ltr'>ossibus</span> <span class='ocrx_word' id='word_1_22' title='bbox 849 609 1065 696; x_wconf 79' lang='lat' dir='ltr'>articulisque.</span> 
     </span>
     <span class='ocr_line' id='line_1_5' title="bbox 240 712 1042 799; baseline 0.001 -22"><span class='ocrx_word' id='word_1_23' title='bbox 240 714 326 799; x_wconf 91' lang='lat' dir='ltr'>quod</span> <span class='ocrx_word' id='word_1_24' title='bbox 348 713 376 778; x_wconf 88' lang='lat' dir='ltr'>si</span> <span class='ocrx_word' id='word_1_25' title='bbox 398 713 482 778; x_wconf 86' lang='lat' dir='ltr'>forte</span> <span class='ocrx_word' id='word_1_26' title='bbox 503 722 601 799; x_wconf 85' lang='lat' dir='ltr'>putas</span> <span class='ocrx_word' id='word_1_27' title='bbox 622 714 822 777; x_wconf 81' lang='lat' dir='ltr'>extrinsecus</span> <span class='ocrx_word' id='word_1_28' title='bbox 844 712 1042 778; x_wconf 74' lang='lat' dir='ltr'><strong>insinuatam</strong></span> 
     </span>
     <span class='ocr_line' id='line_1_6' title="bbox 240 816 1093 901; baseline 0.002 -21"><span class='ocrx_word' id='word_1_29' title='bbox 240 838 432 901; x_wconf 85' lang='lat' dir='ltr'>permanare</span> <span class='ocrx_word' id='word_1_30' title='bbox 454 816 599 880; x_wconf 86' lang='lat' dir='ltr'>animam</span> <span class='ocrx_word' id='word_1_31' title='bbox 621 816 714 880; x_wconf 91' lang='lat' dir='ltr'>nobis</span> <span class='ocrx_word' id='word_1_32' title='bbox 735 837 795 901; x_wconf 89' lang='lat' dir='ltr'>per</span> <span class='ocrx_word' id='word_1_33' title='bbox 816 817 962 881; x_wconf 90' lang='lat' dir='ltr'>membra</span> <span class='ocrx_word' id='word_1_34' title='bbox 983 817 1093 895; x_wconf 88' lang='lat' dir='ltr'>solere,</span> 
     </span>
     <span class='ocr_line' id='line_1_7' title="bbox 241 920 1314 1007; baseline 0.004 -23"><span class='ocrx_word' id='word_1_35' title='bbox 241 930 334 984; x_wconf 76' lang='lat' dir='ltr'>tanto</span> <span class='ocrx_word' id='word_1_36' title='bbox 357 920 480 1005; x_wconf 91' lang='lat' dir='ltr'>quique</span> <span class='ocrx_word' id='word_1_37' title='bbox 502 920 606 1005; x_wconf 79' lang='lat' dir='ltr'>magis</span> <span class='ocrx_word' id='word_1_38' title='bbox 628 941 702 983; x_wconf 90' lang='lat' dir='ltr'>cum</span> <span class='ocrx_word' id='word_1_39' title='bbox 724 941 855 1005; x_wconf 90' lang='lat' dir='ltr'>corpore</span> <span class='ocrx_word' id='word_1_40' title='bbox 877 921 949 985; x_wconf 87' lang='lat' dir='ltr'>fusa</span> <span class='ocrx_word' id='word_1_41' title='bbox 970 921 1097 1007; x_wconf 79' lang='lat' dir='ltr'>peribit.</span> <span class='ocrx_word' id='word_1_42' title='bbox 1248 938 1314 1005; x_wconf 93' lang='lat'>700</span> 
     </span>
     <span class='ocr_line' id='line_1_8' title="bbox 240 1018 1086 1106; baseline 0 -21"><span class='ocrx_word' id='word_1_43' title='bbox 240 1020 327 1106; x_wconf 91' lang='lat' dir='ltr'>quod</span> <span class='ocrx_word' id='word_1_44' title='bbox 347 1028 519 1105; x_wconf 79' lang='lat' dir='ltr'>permanat</span> <span class='ocrx_word' id='word_1_45' title='bbox 541 1019 630 1084; x_wconf 89' lang='lat' dir='ltr'>enim</span> <span class='ocrx_word' id='word_1_46' title='bbox 652 1018 844 1098; x_wconf 76' lang='lat' dir='ltr'>dissolvitur,</span> <span class='ocrx_word' id='word_1_47' title='bbox 868 1020 979 1085; x_wconf 87' lang='lat' dir='ltr'>interit</span> <span class='ocrx_word' id='word_1_48' title='bbox 1002 1042 1086 1106; x_wconf 85' lang='lat' dir='ltr'>ergo.</span> 
     </span>
     <span class='ocr_line' id='line_1_9' title="bbox 241 1123 1038 1210; baseline -0.001 -21"><span class='ocrx_word' id='word_1_49' title='bbox 241 1124 431 1210; x_wconf 86' lang='lat' dir='ltr'>dispertitus</span> <span class='ocrx_word' id='word_1_50' title='bbox 453 1124 542 1188; x_wconf 89' lang='lat' dir='ltr'>enim</span> <span class='ocrx_word' id='word_1_51' title='bbox 564 1145 622 1208; x_wconf 91' lang='lat' dir='ltr'>per</span> <span class='ocrx_word' id='word_1_52' title='bbox 644 1123 750 1187; x_wconf 83' lang='lat' dir='ltr'>caulas</span> <span class='ocrx_word' id='word_1_53' title='bbox 773 1123 913 1208; x_wconf 87' lang='lat' dir='ltr'>corporis</span> <span class='ocrx_word' id='word_1_54' title='bbox 934 1124 1038 1188; x_wconf 92' lang='lat' dir='ltr'>omnis</span> 
     </span>
     <span class='ocr_line' id='line_1_10' title="bbox 241 1225 1236 1311; baseline -0.002 -19"><span class='ocrx_word' id='word_1_55' title='bbox 241 1236 281 1292; x_wconf 92' lang='lat' dir='ltr'>ut</span> <span class='ocrx_word' id='word_1_56' title='bbox 301 1228 400 1303; x_wconf 88' lang='lat' dir='ltr'>cibus,</span> <span class='ocrx_word' id='word_1_57' title='bbox 424 1227 460 1290; x_wconf 92' lang='lat' dir='ltr'>in</span> <span class='ocrx_word' id='word_1_58' title='bbox 482 1227 628 1291; x_wconf 90' lang='lat' dir='ltr'>membra</span> <span class='ocrx_word' id='word_1_59' title='bbox 649 1235 749 1311; x_wconf 87' lang='lat' dir='ltr'>atque</span> <span class='ocrx_word' id='word_1_60' title='bbox 770 1236 861 1291; x_wconf 88' lang='lat' dir='ltr'>artus</span> <span class='ocrx_word' id='word_1_61' title='bbox 882 1248 957 1291; x_wconf 89' lang='lat' dir='ltr'>cum</span> <span class='ocrx_word' id='word_1_62' title='bbox 979 1225 1103 1291; x_wconf 90' lang='lat' dir='ltr'>diditur</span> <span class='ocrx_word' id='word_1_63' title='bbox 1123 1226 1236 1306; x_wconf 87' lang='lat' dir='ltr'>omnis,</span> 
     </span>
     <span class='ocr_line' id='line_1_11' title="bbox 242 1328 1060 1415; baseline 0.002 -22"><span class='ocrx_word' id='word_1_64' title='bbox 242 1330 377 1415; x_wconf 82' lang='lat' dir='ltr'>disperit</span> <span class='ocrx_word' id='word_1_65' title='bbox 399 1338 498 1414; x_wconf 86' lang='lat' dir='ltr'>atque</span> <span class='ocrx_word' id='word_1_66' title='bbox 520 1329 619 1393; x_wconf 85' lang='lat' dir='ltr'>aliam</span> <span class='ocrx_word' id='word_1_67' title='bbox 642 1339 793 1392; x_wconf 85' lang='lat' dir='ltr'>naturam</span> <span class='ocrx_word' id='word_1_68' title='bbox 815 1328 933 1395; x_wconf 89' lang='lat' dir='ltr'>sufficit</span> <span class='ocrx_word' id='word_1_69' title='bbox 956 1353 996 1394; x_wconf 80' lang='lat' dir='ltr'>ex</span> <span class='ocrx_word' id='word_1_70' title='bbox 1018 1353 1060 1407; x_wconf 87' lang='lat' dir='ltr'>se,</span> 
     </span>
     <span class='ocr_line' id='line_1_12' title="bbox 243 1430 1310 1518; baseline 0.002 -21"><span class='ocrx_word' id='word_1_71' title='bbox 243 1433 288 1497; x_wconf 89' lang='lat' dir='ltr'>sio</span> <span class='ocrx_word' id='word_1_72' title='bbox 309 1434 419 1497; x_wconf 88' lang='lat' dir='ltr'>anima</span> <span class='ocrx_word' id='word_1_73' title='bbox 440 1441 541 1518; x_wconf 87' lang='lat' dir='ltr'>atque</span> <span class='ocrx_word' id='word_1_74' title='bbox 562 1432 691 1496; x_wconf 89' lang='lat' dir='ltr'>animus</span> <span class='ocrx_word' id='word_1_75' title='bbox 713 1430 862 1516; x_wconf 85' lang='lat' dir='ltr'>quamvis</span> <span class='ocrx_word' id='word_1_76' title='bbox 884 1431 1011 1517; x_wconf 85' lang='lat' dir='ltr'>integra</span> <span class='ocrx_word' id='word_1_77' title='bbox 1031 1454 1142 1498; x_wconf 81' lang='lat' dir='ltr'>recem</span> <span class='ocrx_word' id='word_1_78' title='bbox 1162 1432 1200 1498; x_wconf 79' lang='lat' dir='ltr'>ia</span> <span class='ocrx_word' id='word_1_79' title='bbox 1247 1447 1310 1517; x_wconf 83' lang='lat'>705</span> 
     </span>
     <span class='ocr_line' id='line_1_13' title="bbox 243 1535 1095 1621; baseline 0.001 -21"><span class='ocrx_word' id='word_1_80' title='bbox 243 1558 357 1621; x_wconf 89' lang='lat' dir='ltr'>corpus</span> <span class='ocrx_word' id='word_1_81' title='bbox 379 1544 468 1612; x_wconf 85' lang='lat' dir='ltr'>eunt,</span> <span class='ocrx_word' id='word_1_82' title='bbox 491 1545 603 1600; x_wconf 87' lang='lat' dir='ltr'>tamen</span> <span class='ocrx_word' id='word_1_83' title='bbox 626 1536 661 1599; x_wconf 93' lang='lat' dir='ltr'>in</span> <span class='ocrx_word' id='word_1_84' title='bbox 683 1535 846 1600; x_wconf 89' lang='lat' dir='ltr'>manando</span> <span class='ocrx_word' id='word_1_85' title='bbox 868 1535 1095 1615; x_wconf 88' lang='lat' dir='ltr'>dissoluuntur,</span> 
     </span>
     <span class='ocr_line' id='line_1_14' title="bbox 243 1639 1122 1726; baseline 0.002 -22"><span class='ocrx_word' id='word_1_86' title='bbox 243 1639 322 1704; x_wconf 91' lang='lat' dir='ltr'>dum</span> <span class='ocrx_word' id='word_1_87' title='bbox 336 1640 438 1726; x_wconf 32' lang='lat' dir='ltr'>*quasi</span> <span class='ocrx_word' id='word_1_88' title='bbox 460 1662 517 1725; x_wconf 86' lang='lat' dir='ltr'>per</span> <span class='ocrx_word' id='word_1_89' title='bbox 538 1639 647 1703; x_wconf 83' lang='lat' dir='ltr'>caulas</span> <span class='ocrx_word' id='word_1_90' title='bbox 669 1640 774 1704; x_wconf 89' lang='lat' dir='ltr'>omnis</span> <span class='ocrx_word' id='word_1_91' title='bbox 797 1639 954 1705; x_wconf 89' lang='lat' dir='ltr'>diduntur</span> <span class='ocrx_word' id='word_1_92' title='bbox 976 1640 1010 1704; x_wconf 91' lang='lat' dir='ltr'>in</span> <span class='ocrx_word' id='word_1_93' title='bbox 1032 1650 1122 1706; x_wconf 85' lang='lat' dir='ltr'>artus</span> 
     </span>
     <span class='ocr_line' id='line_1_15' title="bbox 243 1742 1081 1827; baseline 0.001 -21"><span class='ocrx_word' id='word_1_94' title='bbox 243 1742 419 1827; x_wconf 80' lang='lat' dir='ltr'>particulae</span> <span class='ocrx_word' id='word_1_95' title='bbox 442 1743 560 1827; x_wconf 93' lang='lat' dir='ltr'>quibus</span> <span class='ocrx_word' id='word_1_96' title='bbox 582 1742 662 1807; x_wconf 87' lang='lat' dir='ltr'>baec</span> <span class='ocrx_word' id='word_1_97' title='bbox 684 1742 785 1806; x_wconf 91' lang='lat' dir='ltr'>animi</span> <span class='ocrx_word' id='word_1_98' title='bbox 807 1752 925 1807; x_wconf 83' lang='lat' dir='ltr'>natura</span> <span class='ocrx_word' id='word_1_99' title='bbox 946 1751 1081 1819; x_wconf 87' lang='lat' dir='ltr'>creatur,</span> 
     </span>
     <span class='ocr_line' id='line_1_16' title="bbox 243 1845 1085 1932; baseline -0.001 -21"><span class='ocrx_word' id='word_1_100' title='bbox 243 1869 327 1932; x_wconf 85' lang='lat' dir='ltr'>quae</span> <span class='ocrx_word' id='word_1_101' title='bbox 349 1847 493 1911; x_wconf 91' lang='lat' dir='ltr'>nuncin</span> <span class='ocrx_word' id='word_1_102' title='bbox 514 1856 624 1910; x_wconf 90' lang='lat' dir='ltr'>nostro</span> <span class='ocrx_word' id='word_1_103' title='bbox 646 1845 833 1910; x_wconf 86' lang='lat' dir='ltr'>dominatur</span> <span class='ocrx_word' id='word_1_104' title='bbox 854 1868 984 1931; x_wconf 88' lang='lat' dir='ltr'>corpore</span> <span class='ocrx_word' id='word_1_105' title='bbox 1006 1854 1085 1910; x_wconf 84' lang='lat' dir='ltr'>nata</span> 
     </span>
     <span class='ocr_line' id='line_1_17' title="bbox 243 1955 1317 2042; baseline -0.008 -20"><span class='ocrx_word' id='word_1_106' title='bbox 243 1980 284 2022; x_wconf 81' lang='lat' dir='ltr'>ex</span> <span class='ocrx_word' id='word_1_107' title='bbox 305 1958 363 2022; x_wconf 86' lang='lat' dir='ltr'>illa</span> <span class='ocrx_word' id='word_1_108' title='bbox 384 1979 467 2042; x_wconf 88' lang='lat' dir='ltr'>quae</span> <span class='ocrx_word' id='word_1_109' title='bbox 489 1965 562 2021; x_wconf 88' lang='lat' dir='ltr'>tum</span> <span class='ocrx_word' id='word_1_110' title='bbox 584 1955 681 2041; x_wconf 89' lang='lat' dir='ltr'>periit</span> <span class='ocrx_word' id='word_1_111' title='bbox 702 1956 826 2041; x_wconf 82' lang='lat' dir='ltr'>partita</span> <span class='ocrx_word' id='word_1_112' title='bbox 847 1976 905 2039; x_wconf 87' lang='lat' dir='ltr'>per</span> <span class='ocrx_word' id='word_1_113' title='bbox 926 1961 1025 2017; x_wconf 85' lang='lat' dir='ltr'>artus.</span> <span class='ocrx_word' id='word_1_114' title='bbox 1251 1964 1317 2032; x_wconf 92' lang='lat'>710</span> 
     </span>
     <span class='ocr_line' id='line_1_18' title="bbox 243 2058 996 2146; baseline -0.003 -22"><span class='ocrx_word' id='word_1_115' title='bbox 243 2069 442 2145; x_wconf 86' lang='lat' dir='ltr'>quapropter</span> <span class='ocrx_word' id='word_1_116' title='bbox 462 2082 568 2144; x_wconf 90' lang='lat' dir='ltr'>neque</span> <span class='ocrx_word' id='word_1_117' title='bbox 591 2060 691 2125; x_wconf 79' lang='lat' dir='ltr'>natali</span> <span class='ocrx_word' id='word_1_118' title='bbox 714 2060 845 2146; x_wconf 86' lang='lat' dir='ltr'>privata</span> <span class='ocrx_word' id='word_1_119' title='bbox 865 2058 996 2123; x_wconf 88' lang='lat' dir='ltr'>videtur</span> 
     </span>
     <span class='ocr_line' id='line_1_19' title="bbox 244 2162 1045 2247; baseline -0.006 -18"><span class='ocrx_word' id='word_1_120' title='bbox 244 2186 314 2229; x_wconf 84' lang='lat' dir='ltr'>esse</span> <span class='ocrx_word' id='word_1_121' title='bbox 335 2163 388 2227; x_wconf 88' lang='lat' dir='ltr'>die</span> <span class='ocrx_word' id='word_1_122' title='bbox 410 2172 527 2227; x_wconf 88' lang='lat' dir='ltr'>natura</span> <span class='ocrx_word' id='word_1_123' title='bbox 548 2163 676 2228; x_wconf 83' lang='lat' dir='ltr'>animae</span> <span class='ocrx_word' id='word_1_124' title='bbox 698 2185 758 2227; x_wconf 91' lang='lat' dir='ltr'>nec</span> <span class='ocrx_word' id='word_1_125' title='bbox 781 2162 901 2226; x_wconf 87' lang='lat' dir='ltr'>funeris</span> <span class='ocrx_word' id='word_1_126' title='bbox 922 2183 1045 2247; x_wconf 82' lang='lat' dir='ltr'>expers.</span> 
     </span>
    </p>

    <p class='ocr_par' dir='ltr' id='par_1_3' title="bbox 241 2262 1316 3906">
     <span class='ocr_line' id='line_1_20' title="bbox 287 2262 1092 2350; baseline -0.005 -20"><span class='ocrx_word' id='word_1_127' title='bbox 287 2265 422 2330; x_wconf 86' lang='lat' dir='ltr'>Semina</span> <span class='ocrx_word' id='word_1_128' title='bbox 443 2272 612 2350; x_wconf 88' lang='lat' dir='ltr'>praeterea</span> <span class='ocrx_word' id='word_1_129' title='bbox 634 2264 824 2349; x_wconf 87' lang='lat' dir='ltr'>linquontur</span> <span class='ocrx_word' id='word_1_130' title='bbox 846 2285 947 2329; x_wconf 89' lang='lat' dir='ltr'>necne</span> <span class='ocrx_word' id='word_1_131' title='bbox 970 2262 1092 2327; x_wconf 89' lang='lat' dir='ltr'>animai</span> 
     </span>
     <span class='ocr_line' id='line_1_21' title="bbox 244 2365 1168 2454; baseline -0.005 -20"><span class='ocrx_word' id='word_1_132' title='bbox 244 2390 374 2454; x_wconf 88' lang='lat' dir='ltr'>corpore</span> <span class='ocrx_word' id='word_1_133' title='bbox 395 2368 430 2431; x_wconf 91' lang='lat' dir='ltr'>in</span> <span class='ocrx_word' id='word_1_134' title='bbox 452 2367 624 2432; x_wconf 81' lang='lat' dir='ltr'>exanimol</span> <span class='ocrx_word' id='word_1_135' title='bbox 646 2366 733 2452; x_wconf 93' lang='lat' dir='ltr'>quod</span> <span class='ocrx_word' id='word_1_136' title='bbox 754 2367 782 2430; x_wconf 91' lang='lat' dir='ltr'>si</span> <span class='ocrx_word' id='word_1_137' title='bbox 804 2365 970 2430; x_wconf 84' lang='lat' dir='ltr'>lincuntur</span> <span class='ocrx_word' id='word_1_138' title='bbox 991 2375 1025 2432; x_wconf 90' lang='lat' dir='ltr'>et</span> <span class='ocrx_word' id='word_1_139' title='bbox 1047 2365 1168 2445; x_wconf 87' lang='lat' dir='ltr'>insunt,</span> 
     </span>
     <span class='ocr_line' id='line_1_22' title="bbox 243 2468 1310 2555; baseline -0.005 -18"><span class='ocrx_word' id='word_1_140' title='bbox 243 2473 324 2537; x_wconf 89' lang='lat' dir='ltr'>haut</span> <span class='ocrx_word' id='word_1_141' title='bbox 347 2471 408 2536; x_wconf 89' lang='lat' dir='ltr'>erit</span> <span class='ocrx_word' id='word_1_142' title='bbox 429 2478 468 2535; x_wconf 91' lang='lat' dir='ltr'>ut</span> <span class='ocrx_word' id='word_1_143' title='bbox 490 2471 607 2535; x_wconf 88' lang='lat' dir='ltr'>merito</span> <span class='ocrx_word' id='word_1_144' title='bbox 629 2470 808 2534; x_wconf 89' lang='lat' dir='ltr'>inmortalis</span> <span class='ocrx_word' id='word_1_145' title='bbox 830 2470 930 2555; x_wconf 86' lang='lat' dir='ltr'>possit</span> <span class='ocrx_word' id='word_1_146' title='bbox 951 2468 1071 2548; x_wconf 90' lang='lat' dir='ltr'>baberi,</span> <span class='ocrx_word' id='word_1_147' title='bbox 1248 2482 1310 2551; x_wconf 84' lang='lat'>715</span> 
     </span>
     <span class='ocr_line' id='line_1_23' title="bbox 243 2572 999 2661; baseline -0.005 -19"><span class='ocrx_word' id='word_1_148' title='bbox 243 2576 391 2661; x_wconf 88' lang='lat' dir='ltr'>partibus</span> <span class='ocrx_word' id='word_1_149' title='bbox 413 2573 538 2639; x_wconf 88' lang='lat' dir='ltr'>amissis</span> <span class='ocrx_word' id='word_1_150' title='bbox 561 2573 715 2658; x_wconf 89' lang='lat' dir='ltr'>quoniam</span> <span class='ocrx_word' id='word_1_151' title='bbox 738 2574 839 2638; x_wconf 83' lang='lat' dir='ltr'>libata</span> <span class='ocrx_word' id='word_1_152' title='bbox 861 2572 999 2638; x_wconf 84' lang='lat' dir='ltr'>recessit.</span> 
     </span>
     <span class='ocr_line' id='line_1_24' title="bbox 243 2675 990 2762; baseline -0.004 -18"><span class='ocrx_word' id='word_1_153' title='bbox 243 2680 294 2744; x_wconf 90' lang='lat' dir='ltr'>sin</span> <span class='ocrx_word' id='word_1_154' title='bbox 316 2680 365 2744; x_wconf 84' lang='lat' dir='ltr'>ita</span> <span class='ocrx_word' id='word_1_155' title='bbox 385 2677 516 2743; x_wconf 89' lang='lat' dir='ltr'>sinceris</span> <span class='ocrx_word' id='word_1_156' title='bbox 538 2676 693 2741; x_wconf 88' lang='lat' dir='ltr'>membris</span> <span class='ocrx_word' id='word_1_157' title='bbox 714 2677 826 2741; x_wconf 85' lang='lat' dir='ltr'>ablata</span> <span class='ocrx_word' id='word_1_158' title='bbox 846 2675 990 2762; x_wconf 84' lang='lat' dir='ltr'>profugit</span> 
     </span>
     <span class='ocr_line' id='line_1_25' title="bbox 241 2780 1023 2867; baseline -0.006 -19"><span class='ocrx_word' id='word_1_159' title='bbox 241 2791 281 2848; x_wconf 93' lang='lat' dir='ltr'>ut</span> <span class='ocrx_word' id='word_1_160' title='bbox 302 2782 410 2847; x_wconf 83' lang='lat' dir='ltr'>nullas</span> <span class='ocrx_word' id='word_1_161' title='bbox 430 2780 532 2867; x_wconf 85' lang='lat' dir='ltr'>partis</span> <span class='ocrx_word' id='word_1_162' title='bbox 554 2780 590 2845; x_wconf 89' lang='lat' dir='ltr'>in</span> <span class='ocrx_word' id='word_1_163' title='bbox 612 2802 742 2866; x_wconf 84' lang='lat' dir='ltr'>corpore</span> <span class='ocrx_word' id='word_1_164' title='bbox 764 2780 897 2866; x_wconf 89' lang='lat' dir='ltr'>liquerit</span> <span class='ocrx_word' id='word_1_165' title='bbox 919 2802 959 2845; x_wconf 86' lang='lat' dir='ltr'>ex</span> <span class='ocrx_word' id='word_1_166' title='bbox 981 2802 1023 2858; x_wconf 87' lang='lat' dir='ltr'>se,</span> 
     </span>
     <span class='ocr_line' id='line_1_26' title="bbox 243 2883 1056 2950; baseline -0.006 0"><span class='ocrx_word' id='word_1_167' title='bbox 243 2886 332 2950; x_wconf 90' lang='lat' dir='ltr'>unde</span> <span class='ocrx_word' id='word_1_168' title='bbox 354 2885 510 2950; x_wconf 84' lang='lat' dir='ltr'>cadavera</span> <span class='ocrx_word' id='word_1_169' title='bbox 531 2883 678 2948; x_wconf 87' lang='lat' dir='ltr'>rancenti</span> <span class='ocrx_word' id='word_1_170' title='bbox 699 2883 766 2947; x_wconf 86' lang='lat' dir='ltr'>iam</span> <span class='ocrx_word' id='word_1_171' title='bbox 788 2883 908 2947; x_wconf 88' lang='lat' dir='ltr'>viscere</span> <span class='ocrx_word' id='word_1_172' title='bbox 931 2904 1056 2947; x_wconf 83' lang='lat' dir='ltr'>vermes</span> 
     </span>
     <span class='ocr_line' id='line_1_27' title="bbox 242 2986 1316 3074; baseline 0 -22"><span class='ocrx_word' id='word_1_173' title='bbox 242 2988 395 3074; x_wconf 81' lang='lat' dir='ltr'>expirant</span> <span class='ocrx_word' id='word_1_174' title='bbox 416 2997 516 3073; x_wconf 86' lang='lat' dir='ltr'>atque</span> <span class='ocrx_word' id='word_1_175' title='bbox 538 2986 625 3051; x_wconf 91' lang='lat' dir='ltr'>unde</span> <span class='ocrx_word' id='word_1_176' title='bbox 646 2987 852 3051; x_wconf 88' lang='lat' dir='ltr'>animantum</span> <span class='ocrx_word' id='word_1_177' title='bbox 874 2987 967 3072; x_wconf 90' lang='lat' dir='ltr'>copia</span> <span class='ocrx_word' id='word_1_178' title='bbox 988 2995 1082 3051; x_wconf 87' lang='lat' dir='ltr'>tanta</span> <span class='ocrx_word' id='word_1_179' title='bbox 1251 3002 1316 3069; x_wconf 88' lang='lat'>720</span> 
     </span>
     <span class='ocr_line' id='line_1_28' title="bbox 242 3090 1074 3177; baseline -0.002 -21"><span class='ocrx_word' id='word_1_180' title='bbox 242 3114 321 3157; x_wconf 87' lang='lat' dir='ltr'>exos</span> <span class='ocrx_word' id='word_1_181' title='bbox 342 3099 376 3155; x_wconf 90' lang='lat' dir='ltr'>et</span> <span class='ocrx_word' id='word_1_182' title='bbox 399 3090 555 3177; x_wconf 83' lang='lat' dir='ltr'>exanguis</span> <span class='ocrx_word' id='word_1_183' title='bbox 579 3090 721 3156; x_wconf 90' lang='lat' dir='ltr'>tumidos</span> <span class='ocrx_word' id='word_1_184' title='bbox 742 3091 939 3177; x_wconf 87' lang='lat' dir='ltr'>perfluctuat</span> <span class='ocrx_word' id='word_1_185' title='bbox 960 3094 1074 3154; x_wconf 80' lang='lat' dir='ltr'>artusi</span> 
     </span>
     <span class='ocr_line' id='line_1_29' title="bbox 242 3195 1036 3282; baseline 0.006 -23"><span class='ocrx_word' id='word_1_186' title='bbox 242 3195 331 3282; x_wconf 91' lang='lat' dir='ltr'>quod</span> <span class='ocrx_word' id='word_1_187' title='bbox 353 3195 382 3259; x_wconf 89' lang='lat' dir='ltr'>si</span> <span class='ocrx_word' id='word_1_188' title='bbox 403 3195 485 3260; x_wconf 84' lang='lat' dir='ltr'>forte</span> <span class='ocrx_word' id='word_1_189' title='bbox 508 3196 633 3262; x_wconf 87' lang='lat' dir='ltr'>animas</span> <span class='ocrx_word' id='word_1_190' title='bbox 657 3199 856 3264; x_wconf 86' lang='lat' dir='ltr'>extrinsecus</span> <span class='ocrx_word' id='word_1_191' title='bbox 878 3199 1036 3264; x_wconf 87' lang='lat' dir='ltr'>insinuari</span> 
     </span>
     <span class='ocr_line' id='line_1_30' title="bbox 242 3300 1054 3389; baseline 0.004 -25"><span class='ocrx_word' id='word_1_192' title='bbox 242 3300 408 3364; x_wconf 83' lang='lat' dir='ltr'>vermibus</span> <span class='ocrx_word' id='word_1_193' title='bbox 430 3308 465 3365; x_wconf 90' lang='lat' dir='ltr'>et</span> <span class='ocrx_word' id='word_1_194' title='bbox 487 3300 594 3385; x_wconf 89' lang='lat' dir='ltr'>privas</span> <span class='ocrx_word' id='word_1_195' title='bbox 615 3301 650 3366; x_wconf 93' lang='lat' dir='ltr'>in</span> <span class='ocrx_word' id='word_1_196' title='bbox 672 3325 805 3389; x_wconf 85' lang='lat' dir='ltr'>corpora</span> <span class='ocrx_word' id='word_1_197' title='bbox 830 3325 921 3388; x_wconf 92' lang='lat' dir='ltr'>posse</span> <span class='ocrx_word' id='word_1_198' title='bbox 944 3302 1054 3367; x_wconf 89' lang='lat' dir='ltr'>venire</span> 
     </span>
     <span class='ocr_line' id='line_1_31' title="bbox 242 3401 1104 3487; baseline 0 -20"><span class='ocrx_word' id='word_1_199' title='bbox 242 3401 346 3467; x_wconf 88' lang='lat' dir='ltr'>credis</span> <span class='ocrx_word' id='word_1_200' title='bbox 368 3423 428 3466; x_wconf 89' lang='lat' dir='ltr'>nec</span> <span class='ocrx_word' id='word_1_201' title='bbox 450 3411 582 3487; x_wconf 86' lang='lat' dir='ltr'>reputas</span> <span class='ocrx_word' id='word_1_202' title='bbox 603 3425 661 3468; x_wconf 87' lang='lat' dir='ltr'>cur</span> <span class='ocrx_word' id='word_1_203' title='bbox 681 3405 773 3469; x_wconf 90' lang='lat' dir='ltr'>milia</span> <span class='ocrx_word' id='word_1_204' title='bbox 794 3405 900 3470; x_wconf 80' lang='lat' dir='ltr'>multa</span> <span class='ocrx_word' id='word_1_205' title='bbox 922 3405 1104 3469; x_wconf 89' lang='lat' dir='ltr'>animarum</span> 
     </span>
     <span class='ocr_line' id='line_1_32' title="bbox 241 3507 1313 3592; baseline 0.002 -22"><span class='ocrx_word' id='word_1_206' title='bbox 241 3507 437 3572; x_wconf 88' lang='lat' dir='ltr'>conveniant</span> <span class='ocrx_word' id='word_1_207' title='bbox 459 3508 547 3573; x_wconf 92' lang='lat' dir='ltr'>unde</span> <span class='ocrx_word' id='word_1_208' title='bbox 569 3531 634 3573; x_wconf 89' lang='lat' dir='ltr'>una</span> <span class='ocrx_word' id='word_1_209' title='bbox 656 3509 831 3585; x_wconf 87' lang='lat' dir='ltr'>recesserit,</span> <span class='ocrx_word' id='word_1_210' title='bbox 854 3510 915 3573; x_wconf 91' lang='lat' dir='ltr'>boc</span> <span class='ocrx_word' id='word_1_211' title='bbox 937 3518 1047 3574; x_wconf 88' lang='lat' dir='ltr'>tamen</span> <span class='ocrx_word' id='word_1_212' title='bbox 1066 3517 1176 3574; x_wconf 90' lang='lat' dir='ltr'>estut</span> <span class='ocrx_word' id='word_1_213' title='bbox 1251 3524 1313 3592; x_wconf 84' lang='lat'>725</span> 
     </span>
     <span class='ocr_line' id='line_1_33' title="bbox 241 3611 1138 3699; baseline 0.001 -24"><span class='ocrx_word' id='word_1_214' title='bbox 241 3611 465 3698; x_wconf 85' lang='lat' dir='ltr'>quaerendum</span> <span class='ocrx_word' id='word_1_215' title='bbox 487 3612 637 3677; x_wconf 88' lang='lat' dir='ltr'>videatur</span> <span class='ocrx_word' id='word_1_216' title='bbox 658 3624 692 3678; x_wconf 86' lang='lat' dir='ltr'>et</span> <span class='ocrx_word' id='word_1_217' title='bbox 714 3614 749 3677; x_wconf 90' lang='lat' dir='ltr'>in</span> <span class='ocrx_word' id='word_1_218' title='bbox 771 3613 943 3678; x_wconf 87' lang='lat' dir='ltr'>discrimen</span> <span class='ocrx_word' id='word_1_219' title='bbox 967 3612 1138 3699; x_wconf 86' lang='lat' dir='ltr'>agendum,</span> 
     </span>
     <span class='ocr_line' id='line_1_34' title="bbox 241 3717 1161 3803; baseline 0.002 -22"><span class='ocrx_word' id='word_1_220' title='bbox 241 3726 353 3782; x_wconf 87' lang='lat' dir='ltr'>utrum</span> <span class='ocrx_word' id='word_1_221' title='bbox 376 3717 512 3782; x_wconf 91' lang='lat' dir='ltr'>tandem</span> <span class='ocrx_word' id='word_1_222' title='bbox 533 3717 662 3783; x_wconf 84' lang='lat' dir='ltr'>animae</span> <span class='ocrx_word' id='word_1_223' title='bbox 684 3726 845 3784; x_wconf 86' lang='lat' dir='ltr'>venentur</span> <span class='ocrx_word' id='word_1_224' title='bbox 867 3719 991 3784; x_wconf 87' lang='lat' dir='ltr'>semina</span> <span class='ocrx_word' id='word_1_225' title='bbox 1013 3740 1161 3803; x_wconf 89' lang='lat' dir='ltr'>quaeque</span> 
     </span>
     <span class='ocr_line' id='line_1_35' title="bbox 241 3820 1148 3906; baseline 0.002 -22"><span class='ocrx_word' id='word_1_226' title='bbox 241 3820 493 3885; x_wconf 87' lang='lat' dir='ltr'>vermiculorum</span> <span class='ocrx_word' id='word_1_227' title='bbox 514 3820 668 3906; x_wconf 88' lang='lat' dir='ltr'>ipsaeque</span> <span class='ocrx_word' id='word_1_228' title='bbox 690 3821 753 3887; x_wconf 89' lang='lat' dir='ltr'>sibi</span> <span class='ocrx_word' id='word_1_229' title='bbox 774 3821 973 3887; x_wconf 83' lang='lat' dir='ltr'>fabricentur</span> <span class='ocrx_word' id='word_1_230' title='bbox 994 3822 1052 3887; x_wconf 92' lang='lat' dir='ltr'>ubi</span> <span class='ocrx_word' id='word_1_231' title='bbox 1074 3822 1148 3898; x_wconf 88' lang='lat' dir='ltr'>sint,</span> 
     </span>
    </p>
   </div>
   <div class='ocr_carea' id='block_1_3' title="bbox 151 3980 1318 4371">
    <p class='ocr_par' dir='ltr' id='par_1_4' title="bbox 151 3980 1318 4371">
     <span class='ocr_line' id='line_1_36' title="bbox 152 3980 1315 4045; baseline 0.003 -18"><span class='ocrx_word' id='word_1_232' title='bbox 152 3980 245 4028; x_wconf 55' lang='lat' dir='ltr'>catule</span> <span class='ocrx_word' id='word_1_233' title='bbox 256 3980 403 4042; x_wconf 69' lang='lat' dir='ltr'>csrrrqtbur.</span> <span class='ocrx_word' id='word_1_234' title='bbox 431 3995 567 4043; x_wconf 70' lang='lat' dir='ltr'>erprenur,</span> <span class='ocrx_word' id='word_1_235' title='bbox 578 3983 676 4031; x_wconf 67' lang='lat' dir='ltr'>aaran</span> <span class='ocrx_word' id='word_1_236' title='bbox 686 3997 699 4031; x_wconf 83' lang='lat' dir='ltr'>e</span> <span class='ocrx_word' id='word_1_237' title='bbox 709 3983 747 4045; x_wconf 82' lang='lat' dir='ltr'>Jr.</span> <span class='ocrx_word' id='word_1_238' title='bbox 757 3981 837 4032; x_wconf 85' lang='lat' dir='ltr'>Lach.</span> <span class='ocrx_word' id='word_1_239' title='bbox 936 3984 984 4034; x_wconf 74' lang='grc'>702</span> <span class='ocrx_word' id='word_1_240' title='bbox 993 3983 1148 4045; x_wconf 70' lang='lat' dir='ltr'>Dispertitus</span> <span class='ocrx_word' id='word_1_241' title='bbox 1158 3984 1223 4031; x_wconf 79' lang='lat' dir='ltr'>enim</span> <span class='ocrx_word' id='word_1_242' title='bbox 1234 3980 1315 4031; x_wconf 81' lang='lat' dir='ltr'>Lech.</span> 
     </span>
     <span class='ocr_line' id='line_1_37' title="bbox 152 4060 1316 4127; baseline 0.002 -17"><span class='ocrx_word' id='word_1_243' title='bbox 152 4060 195 4110; x_wconf 80' lang='lat' dir='ltr'>tor</span> <span class='ocrx_word' id='word_1_244' title='bbox 205 4062 354 4123; x_wconf 72' lang='lat' dir='ltr'>dispertitur</span> <span class='ocrx_word' id='word_1_245' title='bbox 364 4078 431 4124; x_wconf 69' lang='lat' dir='ltr'>erun</span> <span class='ocrx_word' id='word_1_246' title='bbox 464 4064 620 4125; x_wconf 63' lang='lat' dir='ltr'>Dimmitur</span> <span class='ocrx_word' id='word_1_247' title='bbox 630 4067 696 4113; x_wconf 78' lang='lat' dir='ltr'>enim</span> <span class='ocrx_word' id='word_1_248' title='bbox 707 4065 783 4115; x_wconf 83' lang='lat' dir='ltr'>Pont.</span> <span class='ocrx_word' id='word_1_249' title='bbox 795 4065 865 4115; x_wconf 86' lang='lat' dir='ltr'>Brix.</span> <span class='ocrx_word' id='word_1_250' title='bbox 877 4066 957 4116; x_wconf 80' lang='lat' dir='ltr'>Aldl</span> <span class='ocrx_word' id='word_1_251' title='bbox 972 4066 1066 4117; x_wconf 87' lang='lat' dir='ltr'>Lamb.</span> <span class='ocrx_word' id='word_1_252' title='bbox 1166 4066 1213 4116; x_wconf 80' lang='grc'>705</span> <span class='ocrx_word' id='word_1_253' title='bbox 1231 4079 1316 4127; x_wconf 62' lang='lat' dir='ltr'>pruna</span> 
     </span>
     <span class='ocr_line' id='line_1_38' title="bbox 151 4142 1318 4209; baseline 0.001 -19"><span class='ocrx_word' id='word_1_254' title='bbox 151 4142 194 4191; x_wconf 74' lang='lat' dir='ltr'>oia</span> <span class='ocrx_word' id='word_1_255' title='bbox 205 4143 303 4203; x_wconf 64' lang='lat' dir='ltr'>interro</span> <span class='ocrx_word' id='word_1_256' title='bbox 314 4158 398 4192; x_wconf 80' lang='lat' dir='ltr'>rocem</span> <span class='ocrx_word' id='word_1_257' title='bbox 409 4145 438 4192; x_wconf 80' lang='lat' dir='ltr'>in</span> <span class='ocrx_word' id='word_1_258' title='bbox 449 4142 514 4192; x_wconf 84' lang='lat' dir='ltr'>Mar.</span> <span class='ocrx_word' id='word_1_259' title='bbox 526 4143 605 4193; x_wconf 80' lang='lat' dir='ltr'>Aldl</span> <span class='ocrx_word' id='word_1_260' title='bbox 616 4145 691 4194; x_wconf 73' lang='lat' dir='ltr'>runt.</span> <span class='ocrx_word' id='word_1_261' title='bbox 700 4146 740 4195; x_wconf 85' lang='lat' dir='ltr'>lor</span> <span class='ocrx_word' id='word_1_262' title='bbox 750 4150 865 4209; x_wconf 67' lang='lat' dir='ltr'>quomado</span> <span class='ocrx_word' id='word_1_263' title='bbox 877 4156 912 4197; x_wconf 76' lang='lat' dir='ltr'>eat</span> <span class='ocrx_word' id='word_1_264' title='bbox 923 4150 1021 4208; x_wconf 69' lang='lat' dir='ltr'>intem</span> <span class='ocrx_word' id='word_1_265' title='bbox 1031 4161 1122 4196; x_wconf 80' lang='lat' dir='ltr'>recem.</span> <span class='ocrx_word' id='word_1_266' title='bbox 1200 4146 1248 4195; x_wconf 82' lang='lat'>710</span> <span class='ocrx_word' id='word_1_267' title='bbox 1266 4152 1318 4191; x_wconf 84' lang='lat' dir='ltr'>tum</span> 
     </span>
     <span class='ocr_line' id='line_1_39' title="bbox 152 4220 1316 4290; baseline -0.002 -19"><span class='ocrx_word' id='word_1_268' title='bbox 152 4221 227 4271; x_wconf 66' lang='lat' dir='ltr'>Bria</span> <span class='ocrx_word' id='word_1_269' title='bbox 239 4220 299 4272; x_wconf 81' lang='lat' dir='ltr'>Ver.</span> <span class='ocrx_word' id='word_1_270' title='bbox 311 4222 377 4273; x_wconf 84' lang='lat' dir='ltr'>Van.</span> <span class='ocrx_word' id='word_1_271' title='bbox 395 4222 493 4289; x_wconf 78' lang='lat' dir='ltr'>rightly</span> <span class='ocrx_word' id='word_1_272' title='bbox 506 4223 547 4274; x_wconf 85' lang='lat' dir='ltr'>lor</span> <span class='ocrx_word' id='word_1_273' title='bbox 563 4232 629 4275; x_wconf 77' lang='lat' dir='ltr'>tunc.</span> <span class='ocrx_word' id='word_1_274' title='bbox 659 4228 747 4289; x_wconf 76' lang='lat' dir='ltr'>periit.</span> <span class='ocrx_word' id='word_1_275' title='bbox 761 4230 857 4290; x_wconf 73' lang='lat' dir='ltr'>peritur</span> <span class='ocrx_word' id='word_1_276' title='bbox 872 4228 944 4278; x_wconf 80' lang='lat' dir='ltr'>Nico.</span> <span class='ocrx_word' id='word_1_277' title='bbox 962 4226 1013 4278; x_wconf 85' lang='lat' dir='ltr'>and</span> <span class='ocrx_word' id='word_1_278' title='bbox 1029 4227 1095 4277; x_wconf 89' lang='lat' dir='ltr'>later</span> <span class='ocrx_word' id='word_1_279' title='bbox 1112 4239 1176 4275; x_wconf 82' lang='lat' dir='ltr'>mas.</span> <span class='ocrx_word' id='word_1_280' title='bbox 1194 4223 1245 4273; x_wconf 89' lang='lat' dir='ltr'>and</span> <span class='ocrx_word' id='word_1_281' title='bbox 1262 4221 1316 4271; x_wconf 88' lang='lat' dir='ltr'>eds.</span> 
     </span>
     <span class='ocr_line' id='line_1_40' title="bbox 152 4301 1316 4371; baseline -0.003 -18"><span class='ocrx_word' id='word_1_282' title='bbox 152 4301 244 4354; x_wconf 79' lang='lat' dir='ltr'>belota</span> <span class='ocrx_word' id='word_1_283' title='bbox 259 4302 337 4355; x_wconf 70' lang='lat' dir='ltr'>rona</span> <span class='ocrx_word' id='word_1_284' title='bbox 353 4304 431 4356; x_wconf 74' lang='lat' dir='ltr'>«lunt.</span> <span class='ocrx_word' id='word_1_285' title='bbox 530 4305 579 4356; x_wconf 77' lang='lat'>718</span> <span class='ocrx_word' id='word_1_286' title='bbox 599 4307 631 4356; x_wconf 82' lang='lat' dir='ltr'>Ut</span> <span class='ocrx_word' id='word_1_287' title='bbox 647 4305 706 4357; x_wconf 79' lang='lat' dir='ltr'>Ver.</span> <span class='ocrx_word' id='word_1_288' title='bbox 721 4307 786 4358; x_wconf 79' lang='lat' dir='ltr'>Van.</span> <span class='ocrx_word' id='word_1_289' title='bbox 804 4307 845 4357; x_wconf 81' lang='lat' dir='ltr'>lor</span> <span class='ocrx_word' id='word_1_290' title='bbox 860 4309 904 4357; x_wconf 75' lang='lat' dir='ltr'>Et.</span> <span class='ocrx_word' id='word_1_291' title='bbox 1004 4309 1053 4359; x_wconf 79' lang='lat'>72³</span> <span class='ocrx_word' id='word_1_292' title='bbox 1066 4308 1155 4371; x_wconf 75' lang='lat' dir='ltr'>privas</span> <span class='ocrx_word' id='word_1_293' title='bbox 1170 4306 1198 4354; x_wconf 79' lang='lat' dir='ltr'>ia</span> <span class='ocrx_word' id='word_1_294' title='bbox 1212 4304 1235 4353; x_wconf 90' lang='lat' dir='ltr'>B</span> <span class='ocrx_word' id='word_1_295' title='bbox 1252 4315 1316 4352; x_wconf 88' lang='lat' dir='ltr'>corr.</span> 
     </span>
    </p>
   </div>
   <div class='ocr_carea' id='block_1_4' title="bbox 0 0 1551 4984">
    <p class='ocr_par' dir='ltr' id='par_1_5' title="bbox 0 0 1551 4984">
     <span class='ocr_line' id='line_1_41' title="bbox 0 0 1551 4984; baseline 0 0"><span class='ocrx_word' id='word_1_296' title='bbox 0 0 1551 4984; x_wconf 95' lang='lat' dir='ltr'> </span> 
     </span>
    </p>
   </div>
  </div>
 </body>
</html>
