3092 4984
666 302 702 365 ll

185 459 290 526 litoris
311 458 440 523 incurvi
460 455 608 520 bibulam
629 455 721 542 parit
742 478 864 543 aequor
884 458 1048 524 harenam

185 587 287 652 quare
307 564 409 629 etiam
431 569 531 647 atque
554 560 656 624 etiam
677 560 776 624 simili
797 560 922 626 ratione
945 570 1112 639 necessest,

185 680 306 736 natura
327 668 484 756 quoniam
505 672 656 731 constant
676 686 783 749 neque
806 664 892 729 facta
912 687 1011 730 manu
1033 675 1110 730 sunt

185 775 285 838 unius
306 772 350 837 ad
372 778 496 837 certam
517 768 655 833 formam
675 768 852 853 primordia
873 790 990 846 rerum,

187 875 339 941 dissimili
359 875 449 938 inter
470 893 505 936 se
526 870 687 955 quaedam
709 870 843 935 volitare
869 870 979 956 figura
1199 873 1264 952 380

231 978 390 1043 Perfacile
412 985 464 1042 est
484 975 545 1041 tali
566 974 691 1039 ratione
713 973 877 1039 exsolvere
899 974 992 1039 nobis

187 1102 289 1166 quare
311 1078 490 1144 fulmineus
512 1075 617 1140 multo
638 1074 834 1160 penetralior
855 1074 939 1161 ignis

187 1207 288 1270 qnam
310 1192 423 1249 noster
444 1182 517 1246 fuat
538 1203 557 1245 e
579 1179 684 1245 taedis
705 1179 912 1244 terrestribus
934 1187 1040 1260 ortus3

187 1289 296 1353 dicere
318 1287 410 1352 enim
431 1285 533 1371 possis
554 1284 727 1349 caelestem
749 1282 895 1346 fulminis
917 1282 1027 1368 ignem

188 1390 346 1476 suptilem
369 1389 475 1474 magis
499 1410 517 1451 e
539 1385 647 1473 parvis
669 1393 816 1450 constare
837 1385 949 1471 figuris

189 1502 290 1579 atque
311 1492 388 1558 ideo
409 1491 547 1557 transire
569 1489 728 1554 foramina
748 1511 832 1576 qnae
854 1489 970 1574 nequit
994 1488 1078 1575 ignis

191 1608 303 1664 noster
322 1598 379 1663 hic
401 1619 420 1663 e
442 1596 539 1682 lignis
562 1603 653 1660 ortus
674 1593 835 1679 taedaque
858 1600 992 1658 creatus

192 1713 361 1788 praeterea
383 1703 498 1768 lumen
522 1722 581 1786 per
603 1721 736 1764 comum
759 1698 886 1777 transit,
910 1706 946 1763 at
968 1698 1073 1764 imber

194 1807 365 1892 respuitur.
390 1808 514 1892 quaret
537 1802 601 1867 nisi
624 1802 758 1867 luminis
782 1802 839 1866 illa
862 1802 988 1867 minora

193 1929 325 1993 corpora
338 1915 418 1973 sunt
433 1928 532 1990 quain
546 1904 587 1970 de
602 1905 719 1991 quibus
734 1914 785 1970 est
799 1905 906 1989 liquor
920 1905 1025 1970 almus
1039 1928 1208 1991 aquarum

193 2020 229 2075 et
250 2010 402 2097 quamvis
425 2010 532 2075 subito
557 2031 616 2095 per
640 2009 747 2073 colum
769 2008 848 2072 vina
870 2007 1019 2074 videmus
1204 2025 1264 2090 391

194 2114 372 2200 perfluere3
394 2122 430 2179 at
453 2122 565 2180 contra
586 2113 718 2180 tardum
742 2120 915 2178 cunctatur
936 2113 1062 2191 olivom,

195 2225 254 2282 aut
277 2220 356 2305 quia
379 2218 535 2282 nimirum
559 2218 734 2283 maioribus
758 2225 809 2282 est
833 2218 1002 2282 elementis

196 2330 254 2386 aut
276 2322 382 2407 magis
405 2322 547 2387 hamatis
569 2322 655 2387 inter
678 2344 712 2388 se
734 2343 857 2408 perque
880 2320 1014 2406 plicatis,

195 2435 295 2511 atque
320 2426 395 2490 ideo
418 2425 458 2490 iit
481 2425 532 2490 uti
555 2447 620 2490 non
643 2434 713 2490 tam
737 2425 870 2491 diducta
891 2434 1024 2512 repente
1202 2441 1262 2510 395

196 2527 282 2593 inter
305 2550 341 2593 se
363 2528 489 2613 possint
512 2527 687 2613 primordia
712 2527 840 2613 singula
862 2551 1009 2615 quaeque

196 2631 325 2717 singnis
347 2653 406 2717 per
428 2632 584 2717 cuiusque
607 2631 766 2696 foramina
788 2654 983 2718 permanare.

239 2734 318 2799 Huc
340 2734 466 2800 accedit
487 2735 538 2800 uti
560 2735 666 2800 mellis
688 2735 845 2820 lactisque
868 2736 1004 2822 liquores

198 2836 340 2901 iucundo
363 2858 460 2902 sensu
484 2837 614 2922 linguae
638 2846 818 2902 tractentur
840 2837 874 2902 in
901 2860 974 2920 ore;

197 2947 234 3004 at
257 2946 373 3004 contra
395 2945 502 3003 taetra
523 2937 666 3003 absinthi
689 2947 809 3004 natura
832 2940 955 3026 ferique
1202 2958 1269 3021 400

198 3044 346 3108 centauri
368 3043 461 3109 foedo
483 3051 694 3129 pertorquent
718 3067 774 3110 ora
798 3067 928 3131 sapore3

198 3156 238 3211 ut
259 3147 356 3211 facile
379 3168 531 3232 agnoscas
556 3170 575 3212 e
597 3147 722 3213 levibus
745 3156 845 3234 atque
869 3147 1021 3213 rutundis

199 3273 268 3316 esse
292 3273 333 3315 ea
356 3272 441 3336 quae
463 3273 576 3316 sensus
597 3251 738 3318 iucunde
761 3261 895 3338 tangere
918 3258 1063 3337 possunt,

200 3362 235 3419 at
258 3362 373 3420 contra
395 3375 479 3438 quae
503 3376 613 3419 amara
635 3363 736 3441 atque
760 3378 873 3442 aspera
895 3375 1036 3441 cumque
1058 3352 1216 3432 videntur,

200 3456 280 3522 haec
304 3456 411 3542 magis
436 3457 576 3522 hamatis
599 3458 685 3524 inter
708 3481 743 3524 se
769 3481 856 3524 nexa
876 3458 983 3524 teneri
1207 3471 1268 3539 405

200 3570 437 3647 proptereaque
460 3561 563 3627 solere
586 3561 655 3628 vias
678 3562 859 3629 rescindere
882 3562 998 3628 nostris

200 3664 349 3731 sensibus
372 3663 573 3750 introituque
597 3686 656 3730 suo
678 3688 886 3753 perrumpere
909 3687 1031 3753 corpus

145 3869 198 3921 8¹16
213 3872 299 3934 psalt.
331 3870 398 3921 lavit
418 3868 520 3921 Nonius
542 3869 609 3920 Mar.
629 3869 710 3921 Aldl
730 3872 805 3921 lant.
826 3871 919 3923 Lamb.
941 3872 970 3923 in
991 3874 1054 3933 text,
1076 3872 1124 3924 but
1144 3872 1174 3925 in
1194 3876 1270 3928 actes

108 3950 148 4003 lis
159 3951 256 4013 reem
267 3954 352 4016 pacit.
451 3953 499 4002 ael
517 3961 552 4002 est
565 3955 615 4002 tali
629 3952 711 4003 Iiaoh.
726 3953 766 4005 lor
783 3961 819 4003 est
831 3957 919 4004 animi.
952 3962 988 4005 ert
1000 3957 1084 4019 parili
1094 3955 1172 4006 Bam.
1183 3958 1231 4006 not
1241 3970 1271 4008 so

109 4033 184 4085 vell:
200 4032 249 4084 tlre
259 4040 270 4083 t
280 4032 309 4083 ot
325 4035 374 4083 tali
384 4045 438 4082 iras
453 4031 579 4083 absorbsd
589 4032 618 4081 in
629 4040 672 4083 eit.
705 4040 741 4083 ert
755 4036 808 4084 tam
822 4038 902 4085 animi
916 4034 1021 4097 hamb,
1039 4035 1087 4085 bnt
1101 4038 1181 4087 animi
1191 4036 1216 4086 is
1223 4040 1272 4109 ont

107 4114 140 4167 ol
156 4114 239 4178 plne.
338 4115 387 4164 883
398 4115 462 4178 fuat
481 4114 564 4164 Faber
580 4113 633 4164 and
649 4113 736 4165 Bentl.
754 4115 795 4164 tor
806 4118 889 4179 flerat:
907 4116 1033 4179 Liryxxr
1045 4118 1076 4166 ia
1093 4119 1108 4169 6
1123 4132 1188 4171 mss.
1205 4117 1272 4169 bave

100 4195 307 4263 flniioraaa
350 4197 399 4249 887
410 4202 489 4246 orac.
521 4195 685 4247 ortamota:
702 4210 785 4260 comp.
796 4211 823 4246 ri
834 4199 883 4250 909
887 4201 923 4264 fit
933 4207 1009 4260 ortas,
1021 4198 1074 4250 and
1084 4200 1159 4249 1141.
1225 4201 1274 4250 890

105 4280 193 4328 alni
206 4278 232 4328 B
246 4291 314 4328 corr.
328 4276 403 4328 Bria
417 4277 495 4329 Pont.
522 4282 604 4330 amatr
620 4279 685 4330 Mar.
699 4279 739 4329 tor
752 4283 853 4331 otinas.
949 4281 998 4331 401
1015 4280 1112 4331 ‘oratio
1128 4279 1214 4332 lanius
1230 4279 1275 4330 de·

105 4364 206 4420 mat,
222 4359 248 4409 si
263 4357 410 4410 scribemus
425 4366 594 4424 moueat.
612 4358 658 4411 sed
675 4361 760 4423 potest
779 4359 840 4412 terri
856 4364 1029 4424 pertorquent’
1047 4358 1127 4410 Iiaoh.
1225 4359 1275 4408 403

1169 4462 1187 4524 7
