3092 4984
687 298 742 371 ΙΙΙ

221 457 278 524 sed
300 458 415 523 manet
436 457 617 535 incolumis,
640 479 713 537 non,
737 458 879 543 inquam,
903 458 948 524 sic
970 459 1091 524 animai

221 561 393 626 discidium
413 570 551 646 possunt
573 569 664 626 artus
684 562 825 646 perferre
847 563 959 642 relicti,

221 666 278 730 sed
299 665 432 752 penitus
455 674 594 751 pereunt
616 665 759 730 convulsi
781 688 906 752 conque
926 675 1125 753 putrescunt

222 792 263 834 ex
286 770 422 836 ineunte
445 793 523 835 aevo
546 771 593 835 sic
615 771 754 856 corporis
776 779 875 856 atque
898 764 1018 837 animai

222 884 338 939 mutua
358 875 469 939 vitalis
491 874 621 939 discunt
642 875 791 960 contagia
814 885 922 940 motus

222 978 377 1043 maternis
397 978 499 1042 etiam
520 979 675 1042 membris
699 979 836 1064 alvoque
859 988 995 1065 reposta

221 1078 392 1143 discidium
413 1089 450 1145 at
471 1088 613 1164 nequeat
636 1080 705 1144 fieri
729 1082 799 1145 sine
821 1090 913 1167 peste
935 1083 1105 1168 maloque;

222 1193 260 1248 ut
280 1184 400 1260 videas,
424 1184 579 1269 quoniam
601 1185 805 1250 coniunctast
826 1208 923 1250 eausa
935 1186 1066 1262 salutis,

222 1287 428 1350 coniunctam
451 1308 580 1371 quoque
601 1295 751 1350 naturam
774 1289 947 1353 consistere
970 1311 1090 1353 eorum.

266 1390 361 1470 Quod
384 1398 539 1474 superest,
563 1389 664 1474 siquis
686 1412 800 1475 corpus
822 1391 941 1454 sentire
963 1392 1084 1456 refutat
1230 1406 1295 1473 350

221 1501 321 1579 atque
342 1494 487 1557 animam
509 1493 613 1557 credit
636 1494 832 1578 permixtam
853 1517 983 1581 corpore
1006 1506 1076 1562 toto

222 1599 381 1683 urscipere
403 1597 491 1661 hunc
511 1606 640 1661 motum
662 1620 761 1682 quem
785 1620 915 1662 sensum
937 1601 1179 1679 nominitamus,

224 1700 274 1763 vel
295 1700 486 1764 manifestas
507 1722 559 1763 res
578 1708 691 1764 contra
711 1722 867 1785 verasque
889 1711 1058 1786 repugnat

224 1801 302 1886 quid
325 1801 368 1866 sit
390 1801 479 1866 enim
502 1823 616 1886 corpus
638 1801 758 1866 sentire
780 1802 853 1887 quis
875 1802 1000 1867 adferet
1022 1826 1187 1888 umquam,

223 1905 337 1970 sinon
360 1906 432 1991 ipsa
451 1907 560 1992 palam
582 1905 669 1992 quod
691 1928 742 1971 res
765 1906 858 1972 dedit
878 1929 917 1971 ac
939 1907 1048 1972 docuit
1071 1915 1151 1975 noel
1231 1925 1290 1992 355
1364 1992 1366 1999 Α

223 2020 258 2073 at
279 2009 413 2074 dimissa
435 2011 546 2074 anima
570 2032 684 2096 corpus
708 2018 797 2076 caret-
821 2011 965 2097 undique
992 2035 1107 2095 sensu;

224 2112 331 2197 perdit
355 2113 443 2176 enim
467 2113 553 2198 quod
577 2135 642 2177 non
667 2114 835 2199 proprium
858 2114 923 2178 fuit
946 2114 1016 2179 eius
1040 2114 1074 2178 in
1097 2138 1183 2181 aevo.

225 2241 391 2294 nursicus
411 2240 590 2283 reserem
611 2242 767 2285 susurrus
787 2243 977 2286 murmur
996 2244 1080 2285 sevo
1099 2243 1189 2297 ousrr

267 2321 382 2386 Dicere
409 2343 503 2406 porro
530 2322 638 2387 oculos
663 2323 789 2387 nullam
812 2347 881 2388 rem
904 2347 1033 2389 cernere
1058 2346 1159 2410 posse,

224 2424 281 2490 sed
304 2448 362 2511 per
386 2448 441 2491 eos
463 2427 610 2491 animum
635 2437 673 2492 ut
696 2427 819 2492 foribus
842 2438 986 2514 spectare
1009 2429 1149 2507 reclusis,
1231 2431 1295 2511 360

224 2530 392 2609 difficilest,
419 2541 531 2596 contra
555 2555 630 2596 cum
654 2555 767 2597 sensus
791 2533 878 2598 dicat
904 2557 1033 2615 eorum3

226 2660 334 2704 sursus
354 2661 432 2702 runc
451 2663 569 2704 resurr
589 2661 690 2715 arone
709 2663 797 2705 sorus
816 2664 972 2706 umanum
991 2663 1034 2705 ru
1051 2664 1135 2707 reses

223 2743 347 2828 fulgida
369 2744 559 2829 praesertim
583 2767 656 2809 cum
681 2766 812 2810 cernere
836 2768 931 2831 saepe
956 2746 1138 2831 nequimus,

222 2849 348 2912 lumina
373 2848 550 2913 luminibus
573 2849 651 2935 quia
674 2850 768 2915 nobis
790 2850 1050 2937 praepediuntur.

223 2950 310 3037 quod
324 2950 446 3015 foribus
461 2973 526 3015 non
541 2950 598 3031 fit;
611 2974 717 3038 neque
733 2952 830 3029 enim,
846 2953 924 3038 quie
938 2953 1098 3018 cernimus
1113 2952 1184 3039 ipsi,
1231 2954 1290 3035 365

223 3057 307 3120 ostie
329 3055 509 3140 suscipiunt
531 3056 636 3120 ullum
659 3057 785 3122 reclusa
810 3058 960 3123 laborem.

224 3169 392 3247 praeterea
415 3161 443 3225 si
466 3183 524 3245 pro
547 3161 669 3226 foribus
694 3169 771 3227 sunt
794 3163 920 3227 lumina
942 3169 1061 3241 nostra,

223 3264 289 3327 iam
313 3263 416 3348 magis
440 3263 598 3348 exemptis
622 3264 722 3329 oculis
746 3264 863 3329 debere
889 3265 1020 3329 videtur

223 3387 353 3431 eernere
377 3388 428 3430 res
451 3366 579 3430 animus
603 3366 739 3431 sublatis
763 3366 909 3452 postibus
933 3367 1018 3451 ipsis.

267 3468 354 3533 Illud
381 3469 416 3532 in
439 3468 490 3533 his
513 3469 610 3534 rebus
633 3491 840 3556 nequaquam
865 3491 991 3535 sumere
1015 3470 1124 3555 possis,
1232 3486 1296 3552 370

223 3570 404 3637 Democriti
427 3571 514 3666 quod
539 3580 651 3637 sancta
674 3573 735 3637 viri
759 3571 923 3637 sententia
945 3572 1046 3659 ponit,

136 3793 177 3845 lor
190 3810 244 3854 σου
262 3808 291 3843 es
305 3810 347 3845 eor
361 3794 386 3844 is
404 3796 525 3858 contrury
537 3796 566 3844 to
584 3794 631 3845 the
647 3809 727 3858 usage
746 3795 774 3845 ol
792 3795 870 3845 huet.
968 3795 1018 3847 346
1029 3802 1128 3859 reporto
1143 3795 1238 3846 Arane.
1256 3795 1296 3845 lor

134 3885 240 3941 reporto.
274 3881 366 3941 reperti
379 3877 444 3926 Mur.
461 3878 536 3926 Junt.
553 3877 662 3927 without
682 3893 765 3935 sense.
778 3881 825 3928 not
842 3881 955 3942 repostis.
1054 3880 1102 3929 347
1117 3886 1146 3928 at
1164 3880 1245 3929 added
1261 3878 1296 3941 by
1400 3904 1403 3910 Α

135 3958 286 4009 larunt
385 3961 544 4023 Booresatat.
577 3961 777 4010 rmatcthamb.
876 3961 1296 4026 sssisjustlyejmedbycreech

134 4039 164 4088 in
182 4042 259 4089 notes
276 4038 327 4089 md
341 4039 421 4090 Bam.
455 4038 536 4089 Lech.
551 4040 630 4103 keeps
649 4040 680 4099 it,
695 4041 742 4090 bnt
760 4042 800 4091 lor
819 4043 952 4105 dirutaque
971 4044 1046 4093 reads
1064 4045 1192 4105 Nullaque
1211 4041 1297 4091 which

136 4134 221 4170 seems
233 4120 345 4183 scarcely
355 4121 423 4170 tobe
433 4120 522 4170 Latin.
556 4121 649 4172 hamb.
661 4122 803 4172 condemns
814 4126 863 4175 357
874 4124 959 4174 which
971 4124 1066 4175 Creech
1077 4123 1135 4173 well
1146 4122 1262 4173 delends

168 4201 216 4251 ³61
234 4201 379 4263 Difficilem
411 4203 557 4266 Deciperest
572 4203 664 4252 hamb.
681 4203 721 4252 ed.
733 4206 749 4252 2
761 4205 812 4253 und
830 4207 854 4263 3,
867 4205 920 4254 (lif.
937 4206 1032 4255 Lech:
1055 4205 1102 4254 bnt
1118 4218 1161 4252 see
1178 4206 1253 4252 notes
1270 4203 1295 4250 2.

135 4284 206 4333 &aar
217 4282 310 4332 hamb.
322 4283 363 4332 lor
373 4285 459 4333 ducat.
557 4285 605 4334 362
621 4284 714 4334 hamb.
731 4285 814 4349 justly
825 4286 930 4349 rejects:
948 4286 970 4335 it
984 4286 1008 4336 is
1026 4301 1042 4336 a
1052 4283 1177 4335 manifest
1188 4282 1256 4343 gloss
1268 4283 1296 4329 to

135 4363 243 4428 explain
254 4363 299 4415 the
309 4366 414 4428 comp
424 4366 510 4416 dccet
542 4364 623 4416 Iasoh.
635 4368 696 4429 puts
713 4364 735 4415 it
746 4366 812 4417 ulter
823 4367 879 4427 863,
892 4365 944 4417 and
960 4367 1031 4430 gives
1045 4380 1061 4417 a
1075 4367 1145 4416 most
1156 4361 1296 4414 unnatural
