3092 4984
833 294 869 359 II

357 472 488 536 corpora
507 471 559 515 res
579 448 684 514 varies
705 448 843 534 gignant
863 447 1054 533 genitasque
1075 446 1238 514 resolvant

358 563 393 619 et
415 576 481 639 qua
501 555 534 618 vi
555 554 660 618 facere
682 552 716 617 id
738 560 894 638 cogantur
916 573 1064 637 quaeque
1086 552 1130 616 sit
1152 552 1223 616 ollis

356 658 484 724 reddita
504 658 668 723 mobilitas
690 679 847 742 magnum
867 678 926 742 per
947 657 1043 720 inane
1065 656 1204 734 meandi,
1391 657 1434 738 65

357 763 547 849 expediam:
570 770 608 827 tu
630 770 665 827 te
686 760 782 825 dictis
803 761 959 845 praebere
980 769 1154 827 memento.

357 887 434 930 nam
455 872 542 931 certe
563 886 630 929 non
652 864 738 928 inter
759 885 794 927 se
818 863 940 948 stipata
961 864 1110 928 cohaeret

357 969 515 1046 materies,
538 968 694 1055 quoniam
716 966 823 1031 minui
844 988 914 1031 rem
936 985 1096 1051 quamque
1117 965 1264 1030 videmus

357 1081 392 1138 et
413 1073 505 1159 quasi
526 1073 702 1159 longinquo
724 1071 825 1137 fluere
847 1070 957 1136 omnia
977 1070 1138 1135 cernimus
1160 1092 1239 1135 aevo

359 1197 400 1241 ex
421 1175 585 1261 oculisque
605 1182 804 1240 vetustatem
827 1173 1004 1240 subducere
1026 1172 1151 1249 nostris,
1392 1188 1438 1253 70

359 1300 434 1344 curn
456 1287 567 1344 tamen
588 1278 758 1344 incolumis
780 1277 929 1343 videatur
949 1298 1077 1341 summa
1098 1298 1229 1340 manere

359 1390 531 1466 propterea
551 1380 635 1466 quia
658 1402 743 1467 quae
764 1379 927 1445 decedunt
947 1401 1079 1464 corpora
1100 1378 1225 1464 cuique,

360 1483 447 1547 unde
469 1483 592 1549 abeunt
613 1483 776 1561 minuunt
799 1505 863 1569 quo
886 1506 1003 1549 venere
1025 1483 1176 1568 augmine
1198 1481 1330 1559 donant,

360 1586 417 1651 illa
438 1607 601 1651 senescere
624 1588 759 1652 athaes
780 1596 893 1651 contra
913 1585 1079 1653 florescere
1100 1594 1229 1671 cogunt

360 1712 419 1756 nec
440 1699 643 1759 remorantur
662 1691 717 1759 ibi
740 1691 786 1757 sic
807 1676 916 1758 rerum
939 1713 1066 1755 summa
1086 1699 1224 1755 novatur
1392 1703 1433 1771 75

361 1817 494 1881 semper,
518 1803 553 1860 et
574 1796 660 1860 inter
681 1817 716 1860 se
737 1796 889 1860 mortales
910 1804 1028 1859 mutua
1048 1796 1172 1861 vivunt.

361 1906 539 1984 augescunt
560 1899 642 1965 aliae
663 1907 785 1985 gentes
809 1899 891 1965 aliae
912 1899 1113 1977 minuuntur,

362 2003 460 2089 inque
482 2002 573 2069 brevi
594 2003 698 2088 spatio
719 2010 890 2069 mutantur
912 2003 1016 2067 saecla
1036 2003 1241 2068 animantum

362 2115 396 2171 et
418 2106 511 2193 quasi
532 2128 674 2173 cursores
696 2107 776 2172 vitai
798 2106 948 2193 lampada
969 2107 1110 2172 tradunt

405 2208 441 2275 Si
463 2231 585 2275 cessare
606 2218 703 2295 putes
724 2233 834 2277 rerum
855 2210 1031 2296 primordia
1050 2232 1143 2297 posse

359 2312 575 2400 cessandoque
596 2335 695 2379 novos
716 2337 824 2379 rerum
846 2315 1036 2401 progignere
1057 2322 1174 2393 motus

359 2419 451 2482 avius
473 2440 493 2483 a
513 2441 589 2484 vera
609 2419 705 2505 longe
726 2421 852 2487 ratione
873 2421 1008 2505 vagaris.

359 2543 436 2585 nam
458 2523 611 2607 quoniam
632 2524 808 2609 perinane
831 2532 996 2610 vagantur,
1019 2532 1136 2593 cuncta
1156 2532 1317 2590 necessest

360 2634 419 2690 aut
439 2628 598 2711 gravitate
620 2649 679 2693 sua
699 2628 775 2693 ferri
796 2628 973 2714 primordia
993 2650 1102 2693 rerum

361 2737 419 2793 sut
440 2728 507 2797 ictu
530 2729 612 2794 forte
634 2730 773 2796 alterius.
796 2754 873 2795 nam
894 2752 967 2796 crum
988 2732 1054 2797 cita
1075 2752 1170 2816 saepe
1393 2733 1436 2812 85

361 2830 456 2895 obvia
477 2831 656 2910 conflixere,
679 2833 717 2898 fit
739 2842 778 2898 ut
799 2833 926 2898 diversa
946 2843 1081 2921 repente

360 2933 538 3013 dissiliant3
560 2957 666 3021 neque
688 2935 776 3001 enirn
798 2937 925 3015 mirum,
949 2938 1120 3003 durissima
1140 2959 1225 3024 quae
1246 2935 1312 3001 sint

360 3037 555 3123 ponderibus
577 3037 685 3103 solidis
707 3060 813 3126 neque
835 3040 1009 3127 quicquam
1031 3063 1052 3106 a
1071 3050 1163 3128 tergo
1185 3041 1257 3107 ibus
1280 3039 1399 3104 obstet.

362 3147 397 3205 et
418 3163 483 3227 quo
504 3141 617 3206 iactari
638 3140 741 3226 magis
763 3142 873 3207 omnia
894 3143 1042 3207 materiai

362 3265 493 3330 corpore
512 3243 688 3329 pervideas,
710 3243 915 3308 reminiscere
937 3244 1038 3309 totius
1061 3243 1164 3309 imum
1392 3262 1441 3329 90

361 3348 409 3413 nil
430 3369 498 3413 esse
520 3348 555 3413 in
577 3369 711 3426 summa
734 3369 841 3433 neque
863 3348 982 3413 habere
1005 3347 1062 3412 ubi
1083 3369 1215 3432 corpora
1235 3346 1342 3432 prima

360 3452 544 3528 consistant,
567 3451 720 3535 quoniam
742 3450 884 3537 spatium
907 3452 977 3516 sine
999 3451 1064 3516 fine
1085 3451 1277 3536 modoquest

361 3556 609 3641 inmensumque
631 3564 742 3641 patere
764 3557 800 3623 in
821 3564 953 3622 cunctas
975 3555 1119 3640 undique
1141 3554 1243 3641 partis

361 3658 508 3742 pluribus
530 3657 657 3723 ostendi
679 3666 713 3724 et
734 3667 822 3724 certa
843 3659 967 3724 ratione
989 3657 1200 3745 probatumst.

274 3922 384 3974 raliance
403 3938 451 3974 can
467 3924 499 3975 be
516 3925 607 3988 placed
623 3940 658 3975 on
676 3925 740 3976 such
758 3926 893 3977 citatione:
911 3941 995 3991 oomp.
1006 3942 1034 3977 n.
1047 3929 1100 3976 tor
1117 3925 1158 3977 66.
1263 3925 1294 3975 68
1311 3940 1441 3989 quamque

274 4008 385 4056 videmos
396 4006 466 4056 Nico.
478 4007 501 4056 B
513 4021 576 4056 corr.
589 4007 629 4055 lor
639 4010 851 4070 quamquidcmroe.
950 4011 981 4060 73
998 4007 1147 4069 ouomineB
1160 4019 1223 4056 corr.
1235 4005 1305 4055 Nice.
1318 4021 1382 4054 corr.
1395 4007 1442 4056 lor

274 4090 381 4149 cymino.
480 4090 512 4138 84
530 4089 598 4151 sem'
615 4088 688 4138 Nicc.
708 4090 731 4138 B
748 4103 813 4137 corr.
833 4089 873 4138 lor
892 4093 961 4140 terri.
1061 4090 1092 4140 85
1118 4105 1176 4138 nam
1195 4105 1251 4138 cum
1270 4090 1361 4153 (quom)
1380 4092 1440 4139 cita

274 4168 469 4218 wulornam
484 4172 546 4219 cito.
579 4172 633 4218 cito
647 4186 752 4232 superne
768 4170 839 4219 Nice.
867 4175 967 4221 concita
984 4188 1057 4236 coepe
1075 4172 1146 4222 Flor.
1159 4172 1190 4221 31
1211 4171 1301 4221 Camb.
1402 4173 1440 4222 86

274 4254 406 4315 conflixere
417 4252 509 4301 Lamb.
521 4252 550 4301 in
560 4254 635 4302 notes
646 4254 686 4301 lor
696 4255 840 4315 confluxere.
863 4255 1004 4316 cornutum
1016 4254 1087 4303 Nice.
1099 4258 1148 4305 etc.
1173 4269 1230 4302 cum
1236 4256 1328 4317 flisere
1339 4251 1440 4303 Lamb.

275 4335 408 4387 atdraus.
420 4336 518 4386 forati.
552 4338 590 4385 tta
601 4338 640 4385 att
652 4335 721 4385 Flor.
734 4336 765 4385 31
784 4335 873 4385 Gamb.
889 4339 938 4386 sto.
1036 4340 1069 4387 88
1087 4345 1155 4400 terso
1166 4339 1222 4387 iem
1233 4335 1270 4386 Is.
1282 4334 1391 4384 Vossius
1407 4334 1440 4386 in
