3092 4984
818 303 872 366 III

356 458 483 544 integit,
508 465 542 522 et
564 456 651 542 large
677 454 795 521 diffuso
817 453 943 520 lumine
965 454 1081 520 rident

357 560 467 625 omnia
488 555 675 646 suppeditat
697 579 791 644 porro
813 564 932 621 natura
954 577 1061 641 neque
1084 558 1153 623 nlla

357 686 407 729 res
431 663 532 729 animi
555 685 668 749 paoem
692 661 815 727 delibat
837 669 984 746 tempore
1006 659 1042 724 in
1065 660 1140 726 ullo.

356 776 393 832 at
415 775 526 831 contra
547 786 709 850 nusquam
735 771 893 849 apparent
915 762 1096 827 Acherusia
1118 762 1242 849 templa
1385 775 1425 843 25

357 891 418 934 nec
441 868 539 934 tellus
563 868 671 932 obstat
694 865 774 952 quin
799 864 909 931 omnia
931 864 1151 951 dispiciantur,
1295 912 1298 917 <

356 972 417 1037 sub
438 970 574 1057 pedibus
597 990 821 1056 quaecumque
844 967 929 1032 infra
949 989 1008 1054 per
1030 967 1128 1033 inane
1150 974 1315 1054 geruntur.

356 1074 408 1139 his
431 1073 477 1139 ibi
502 1095 555 1138 me
578 1073 675 1138 rebus
698 1071 860 1158 quaedam
879 1071 992 1137 divina
1012 1072 1162 1158 voluptas

357 1178 494 1265 percipit
517 1176 623 1263 adque
646 1177 764 1255 horror,
789 1176 875 1262 quod
898 1175 943 1241 sic
965 1183 1084 1243 natura
1106 1186 1165 1243 tua
1189 1176 1222 1242 vi

356 1290 426 1347 tam
449 1281 622 1347 manifesta
643 1289 760 1367 patens
784 1303 824 1346 ex
848 1280 937 1345 omni
959 1290 1053 1368 parte
1076 1291 1199 1349 retecta
1222 1290 1279 1349 est
1385 1299 1430 1364 30

400 1384 445 1449 Et
468 1383 622 1470 quoniam
647 1384 742 1449 docui
767 1393 958 1450 cunctarum
981 1385 1113 1452 exordia
1134 1409 1242 1453 rerum

357 1486 466 1570 qualia
488 1485 554 1550 sint
579 1494 614 1551 et
637 1507 736 1571 quam
759 1486 857 1551 variis
883 1486 1040 1553 distantia
1063 1488 1173 1553 formis

357 1599 473 1677 sponte
496 1613 555 1655 sua
579 1590 718 1655 volitent
742 1598 874 1655 aeterno
897 1589 1021 1676 percita
1042 1600 1135 1657 motu

357 1717 462 1782 quove
485 1695 582 1761 modo
605 1694 730 1780 possint
752 1715 804 1759 res
828 1717 868 1760 ex
891 1695 943 1759 his
966 1718 1115 1782 quaeque
1138 1694 1245 1773 creari,

356 1800 451 1865 hasce
474 1800 651 1866 secundum
674 1821 725 1864 res
747 1799 850 1863 animi
876 1808 993 1865 natura
1014 1799 1143 1865 videtur
1383 1812 1423 1881 35

357 1915 456 1993 atque
482 1906 609 1972 animae
633 1903 784 1969 claranda
806 1903 888 1969 meis
911 1904 978 1969 iam
1001 1904 1145 1970 versibus
1171 1925 1239 1970 csse

356 2018 392 2075 et
413 2018 521 2075 metus
544 2009 599 2074 ille
621 2009 705 2074 foras
727 2030 880 2095 praeceps
901 2008 1098 2073 Acheruntis
1121 2008 1273 2094 agendus,

357 2112 503 2178 funditus
526 2113 704 2178 humanam
728 2114 786 2199 qui
812 2113 915 2177 vitam
938 2113 1050 2177 turbat
1073 2114 1116 2178 ab
1139 2112 1205 2177 imo

357 2215 467 2280 omnia
489 2215 677 2280 suffundens
700 2214 814 2279 mortis
837 2215 964 2300 nigrore
987 2236 1093 2300 neque
1116 2215 1217 2280 ullam

355 2345 425 2388 esse
448 2323 648 2408 voluptatem
670 2322 829 2408 liquidam
850 2343 1030 2408 puramque
1052 2322 1215 2406 relinquit
1379 2337 1427 2400 40

355 2446 433 2489 nam
457 2423 543 2510 quod
565 2446 660 2510 saepe
682 2423 830 2489 homines
852 2425 980 2490 morbos
1004 2423 1108 2511 magis
1131 2446 1200 2489 esse
1224 2422 1386 2488 timendos

355 2526 573 2613 infamemque
595 2528 705 2595 ferunt
726 2529 828 2594 vitam
851 2551 950 2614 quam
972 2529 1106 2595 Tartara
1126 2528 1187 2594 leti

356 2638 390 2693 et
413 2651 447 2694 se
470 2629 549 2694 scire
573 2630 701 2696 animae
724 2639 876 2696 naturam
899 2631 1065 2717 sanguinis
1090 2652 1159 2696 esse

289 2732 334 2812 46
355 2740 413 2796 aut
436 2731 537 2797 etiam
559 2732 657 2807 renti,
683 2732 711 2797 si
734 2733 798 2797 fert
820 2732 869 2797 ita
891 2730 974 2797 forte
995 2733 1154 2811 voluntas,

290 2851 336 2914 44
355 2855 416 2898 nec
440 2856 571 2920 prosum
595 2834 769 2920 quicquam
794 2843 924 2900 nostrae
947 2835 1081 2900 rationis
1104 2857 1207 2920 egere,
1379 2851 1421 2918 45

287 2937 431 3005 ‘tb‘hinc
453 2938 529 3003 licet
553 2938 701 3003 advertas
724 2938 871 3004 animum
896 2939 1001 3025 magis
1026 2939 1136 3005 omnia
1158 2937 1263 3003 laudis

289 3059 333 3126 47
354 3042 467 3108 iactari
489 3065 586 3108 eausa
608 3065 707 3129 quam
733 3042 820 3129 quod
843 3065 894 3108 res
917 3043 988 3129 ipsa
1012 3043 1175 3128 probetur.

355 3155 496 3213 extorres
517 3146 603 3211 idem
625 3147 731 3233 patria
753 3146 912 3231 longeque
934 3145 1038 3231 fugati

354 3260 526 3337 conspectu
548 3273 589 3316 cx
611 3250 790 3327 hominum,
813 3249 934 3314 foedati
956 3249 1090 3314 crimine
1113 3247 1209 3335 turpi,

354 3355 503 3420 omnibus
524 3354 687 3419 aerumnis
709 3352 828 3418 adfecti
849 3352 990 3438 denique
1012 3352 1137 3429 vivunt,
1381 3367 1427 3434 50

353 3466 388 3524 et
409 3480 611 3544 quocumque
632 3466 744 3524 tamen
765 3456 874 3522 miseri
896 3477 1012 3522 venere
1032 3463 1206 3541 parentant

353 3570 388 3626 et
409 3563 516 3647 nigras
537 3569 682 3626 mactant
703 3559 843 3646 pecudes
865 3568 900 3625 et
921 3559 1064 3624 manibu'
1085 3559 1169 3624 diris

353 3662 483 3727 inferias
504 3662 642 3726 mittunt
664 3661 833 3746 multoque
854 3662 890 3726 in
911 3663 1007 3727 rebus
1029 3662 1152 3727 acerbis
1257 3721 1268 3733 „

351 3763 455 3827 acrius
477 3761 650 3826 advertunt
671 3761 797 3827 animos
818 3764 860 3829 ad
881 3764 1077 3850 religionem
1311 3842 1315 3853 ¹

353 3887 417 3952 quo
439 3866 542 3950 magis
564 3865 598 3929 in
620 3864 727 3930 dubiis
750 3865 914 3931 hominem
937 3876 1081 3953 spectare
1102 3867 1229 3954 periclis
1381 3882 1421 3952 55

352 3964 503 4029 convenit
524 3964 728 4050 adversisque
750 3965 786 4030 in
807 3966 903 4031 rebus
925 3989 1054 4032 noscere
1077 3967 1134 4053 qui
1156 3968 1219 4048 sit;

265 4126 366 4177 smper.
404 4126 498 4176 seraper
513 4115 567 4164 aiae
582 4115 690 4164 natiuis
706 4114 764 4164 Ald.
773 4115 798 4174 1,
814 4114 923 4165 because
934 4115 1002 4175 Ver„
1014 4114 1067 4166 and
1077 4114 1142 4165 Van.
1154 4129 1189 4165 on
1202 4114 1288 4167 which
1302 4115 1383 4166 alal
1398 4116 1424 4166 is

265 4192 386 4251 loundad,
396 4193 462 4246 bare
477 4198 505 4245 ta
515 4198 621 4245 nubibas
632 4196 696 4246 with
706 4200 721 4247 Β
733 4197 792 4247 Vnt.
890 4199 1013 4248 atridem
1022 4197 1104 4248 Lach.
1115 4198 1156 4247 lor
1165 4199 1240 4247 ridet.
1324 4198 1370 4265 ,28
1384 4200 1425 4248 tbi

265 4275 342 4326 Pont.
356 4275 469 4326 Gronov.
490 4275 565 4326 Walu
583 4277 623 4327 lor
637 4280 689 4328 abt.
723 4281 771 4329 titi
789 4279 854 4329 Mar.
874 4280 949 4331 Junt.
1047 4282 1079 4332 29
1101 4283 1138 4331 aa
1155 4289 1251 4331 aarum
1265 4279 1362 4331 Arana.
1382 4280 1424 4331 lor

264 4359 406 4422 meurs.
503 4361 535 4411 88
546 4367 646 4413 aetem
656 4362 743 4413 nonu.
760 4364 802 4414 tor
815 4364 1193 4487 W‘Q
1202 4363 1294 4427 placed
1310 4363 1372 4415 hem
1388 4364 1425 4430 by
