3092 4984
678 313 727 380 VI

211 475 248 532 et
272 468 371 533 simul
394 490 437 535 ex
458 467 515 533 ills
537 490 622 555 quae
645 477 719 536 turn
742 491 794 536 res
817 470 940 557 excipit
963 472 1088 553 ictum3

210 580 261 646 ut,
286 571 429 656 lapidem
452 570 537 636 ferro
559 593 635 637 oum
658 571 833 652 caedimus,
856 575 963 640 evolut
986 575 1080 663 ignis,

210 697 281 753 nec,
306 675 394 761 quod
417 675 536 761 frigide
558 676 608 740 vis
631 674 749 754 ferrist,
775 676 836 743 hoo
859 680 962 745 setius
985 681 1036 746 illi
1227 700 1287 765 313

211 780 339 844 semina
361 787 556 846 concurrunt
578 778 674 845 calidi
696 781 830 867 fulgoris
853 782 895 848 ud
919 783 1028 851 ictum

211 883 258 948 sio
282 883 383 969 igitur
406 906 536 970 quoque
559 905 611 949 res
633 885 765 950 sucendi
789 885 928 953 fulmine
951 887 1059 966 debet,

212 996 398 1073 opportuna
418 987 483 1054 fuit
506 988 535 1053 si
558 988 641 1054 forte
664 998 699 1055 et
724 989 843 1056 idonea
865 991 1013 1059 flammis

211 1111 273 1155 neo
296 1098 421 1156 temere
444 1091 577 1156 omnino
600 1091 698 1179 plene
721 1094 771 1158 vis
795 1095 914 1182 frigide
936 1098 1027 1164 venti

211 1215 282 1259 esse
306 1203 424 1280 potest,
449 1218 489 1260 es
512 1218 597 1281 quae
620 1203 715 1262 tanta
737 1196 772 1261 vi
794 1198 894 1264 missa
916 1210 1096 1287 supernest,
1224 1220 1289 1285 320

210 1297 302 1381 quin,
326 1298 416 1382 prius
440 1299 475 1363 in
507 1321 603 1364 cursu
626 1299 654 1365 si
678 1321 744 1365 nou
768 1302 957 1369 uouenditur
980 1304 1058 1391 igni,

210 1408 247 1464 at
272 1402 435 1486 tepefacta
458 1410 570 1467 tumen
595 1403 705 1468 veniet
728 1405 906 1472 commixto
927 1409 1041 1474 calore.

256 1502 423 1569 Mobilitas
446 1512 559 1568 autem
580 1505 619 1569 fit
640 1504 788 1570 fulminis
810 1516 845 1571 et
866 1510 974 1594 gravis
996 1511 1090 1589 ictus,

211 1616 246 1671 et
267 1608 364 1672 celeri
385 1607 487 1673 ferme
509 1619 706 1694 percurrunt
728 1611 867 1677 fulmina
889 1613 991 1701 lapsu,

212 1712 355 1777 nubibus
377 1713 448 1799 ipsa
468 1713 556 1799 quod
578 1715 710 1779 omnino
732 1716 823 1802 prius
845 1716 946 1783 insite
967 1742 1002 1785 se
1024 1719 1074 1786 vis
1222 1737 1283 1803 323

211 1817 336 1903 colligit
358 1827 394 1884 et
415 1840 572 1904 magnum
594 1840 752 1884 oonsmen
774 1820 877 1887 sumit
899 1823 1009 1902 eundi,

210 1918 288 1984 inde
310 1919 367 1985 ubi
389 1943 454 1986 non
476 1921 586 2007 potuit
607 1922 711 1987 nubes
731 1944 847 2008 capere
869 1923 990 2010 inpetis
1012 1932 1155 2004 suetum,

211 2023 406 2108 exprimitur
427 2024 476 2088 vis
498 2033 597 2109 atque
620 2023 693 2090 ideo
715 2026 805 2091 volat
826 2026 951 2113 impete
972 2028 1065 2107 miro,
1182 2041 1185 2046 ’

210 2134 250 2190 ut
273 2125 388 2192 validis
410 2148 495 2212 quae
517 2126 558 2192 de
579 2128 752 2194 tormentis
773 2128 874 2193 missa
894 2127 1054 2196 feruntur.

210 2232 295 2298 adde
318 2233 444 2319 quode
467 2234 574 2320 parvis
596 2244 631 2301 et
652 2235 778 2301 levibus
800 2245 850 2303 est
871 2237 1054 2315 elementis,
1220 2255 1286 2322 330

210 2358 272 2401 neo
294 2337 418 2403 facilest
439 2337 499 2403 tuli
520 2346 658 2403 naturae
679 2339 835 2424 opsistere
857 2341 1051 2427 quioqusm;

211 2439 298 2506 inter
318 2442 409 2507 enim
429 2443 516 2528 fugit
537 2465 575 2508 ao
598 2451 749 2529 penetrat
771 2467 830 2531 per
850 2468 924 2511 rurs
945 2446 1081 2525 viarum,

210 2565 278 2609 non
300 2544 400 2630 igitur
420 2545 535 2611 multis
556 2546 731 2612 offensibus
752 2547 788 2612 in
810 2549 1000 2615 remorando

208 2647 360 2726 haesitet,
382 2648 467 2714 hano
488 2649 530 2714 ob
550 2672 621 2714 rem
642 2650 739 2715 celeri
760 2650 852 2716 volut
872 2652 995 2738 impete
1016 2651 1138 2718 labens.

112 2818 116 2823 f
208 2750 337 2830 deinde,
361 2753 448 2839 quod
470 2753 602 2818 omnino
623 2761 742 2818 natura
763 2753 908 2839 pondera
929 2753 1079 2819 deorsum
1218 2772 1236 2838 3
1240 2770 1278 2838 35

208 2855 320 2920 omnis
340 2855 500 2934 nituntur,
523 2877 597 2921 cum
619 2855 747 2941 plagast
768 2854 882 2921 additu
904 2878 988 2934 vero,

211 2958 375 3023 mobilitas
396 2959 581 3045 duplicetur
602 2968 637 3025 et
658 2958 800 3045 impetus
822 2958 878 3024 ille
899 2959 1068 3045 gravescit,

209 3072 249 3127 ut
270 3061 452 3129 vementius
473 3070 508 3127 et
533 3061 630 3127 eitius
652 3083 878 3147 quaecumque
899 3072 1069 3127 morantur

209 3165 305 3232 obvie
326 3167 481 3232 discutiat
501 3166 606 3252 plagis
630 3166 795 3252 itinerque
817 3174 982 3252 sequatur.

208 3270 349 3356 denique
371 3270 458 3356 quod
480 3271 577 3355 longo
598 3271 691 3336 venit
713 3271 844 3356 impete,
867 3291 996 3335 sumere
1017 3268 1116 3334 debet
1216 3284 1281 3349 340

207 3373 423 3440 mobilitatem
442 3372 543 3439 etiam
564 3383 664 3459 utque
686 3372 795 3451 etism,
817 3393 901 3458 quse
923 3371 1039 3436 crescit
1061 3369 1169 3435 eundo
1333 3391 1337 3400 ’

208 3485 242 3541 et
263 3477 385 3542 validus
406 3485 506 3561 auget
528 3476 604 3541 viris
626 3484 660 3541 et
681 3476 812 3542 roborat
833 3474 944 3541 ictum.

114 3701 192 3752 lion.
204 3698 263 3749 Ver.
274 3699 339 3750 Vsu.
351 3698 520 3763 foreoucipit.
610 3698 659 3748 808
676 3698 756 3762 ipsius
768 3694 925 3748 unum
936 3695 1010 3747 Jnnl.
1021 3695 1139 3761 loripes.
1229 3699 1277 3752 ulo

112 3786 163 3836 illi
174 3782 255 3834 Lech.
266 3783 367 3832 lorille.
400 3781 647 3845 88810881το13.
745 3781 796 3830 880
810 3796 841 3831 ω
859 3794 924 3847 quae
941 3778 1024 3831 Iason
1035 3779 1143 3832 llrstfor
1155 3797 1186 3832 ex
1203 3797 1277 3848 quar,

112 3882 149 3916 ex
169 3881 219 3929 quo
233 3866 303 3928 vulg.
322 3864 431 3916 without
450 3879 535 3915 sense.
574 3871 646 3914 unsa
661 3863 690 3914 oi
705 3863 783 3912 musa
799 3860 869 3913 Flos.
877 3862 909 3912 81
928 3861 1018 3914 cumb.
1035 3862 1122 3914 8808.
1142 3864 1218 3917 Pont.
1237 3865 1277 3916 for

113 3951 294 4000 tamenim.
327 3955 401 3998 moto
419 3950 530 3998 immisso
546 3946 690 3998 Nisover.
724 3948 835 3996 walari
847 3948 957 3996 {msa
966 3945 1032 3996 lin.
1044 3945 1211 3998 multone.

150 4030 198 4078 ³21
215 4044 291 4079 cum
300 4032 324 4079 si
334 4029 403 4081 Flor.
412 4031 444 4078 81
455 4029 546 4080 cumb.
557 4029 597 4078 for
607 4042 704 4079 owene-
802 4029 851 4079 888
867 4029 1001 4079 Mobilitas
1011 4028 1034 4078 Δ
1044 4043 1110 4080 oon.
1122 4029 1213 4081 (lumb.
1225 4031 1275 4080 eto.

110 4115 157 4164 lor
175 4112 314 4161 Nobilitas.
412 4113 461 4162 324
478 4113 514 4161 Et
531 4111 596 4162 Mur.
614 4111 723 4174 Nsnger.
735 4110 777 4162 lor
791 4112 836 4162 At.
868 4113 906 4163 Ae
924 4110 1084 4163 sunrwni
1124 4119 1276 4176 percurrunt

111 4192 197 4245 Iaeeh.
215 4194 377 4258 torperem.
406 4200 515 4256 mount
530 4193 553 4243 Δ
567 4207 632 4243 oorr.
650 4192 720 4243 Niso.
754 4195 807 4244 lam
819 4201 927 4258 perosor
944 4193 1014 4245 Flos·
1022 4193 1055 4244 81
1077 4193 1166 4246 camb.
1186 4191 1275 4244 Not.

108 4281 222 4342 pauent
238 4277 276 4325 sie
293 4273 358 4326 liar.
370 4275 444 4325 lunt.
456 4275 548 4326 lamb.
646 4277 695 4326 885
711 4275 820 4335 Deinde,
831 4277 907 4340 quod.
939 4277 1012 4328 Adde
1023 4277 1090 4338 quod
1100 4275 1180 4326 boh,
1191 4272 1276 4324 which

111 4357 863 4424 wmunemmhweakathmthamminffi
960 4355 1277 4423 mmmmm

1145 4455 1186 4521 18
