3092 4984
344 474 527 563 longefialio
550 482 646 562 paeto
668 471 808 560 gannitu
831 471 918 538 vocis
942 470 1088 548 adulant,

345 587 381 645 et
405 601 480 644 cum
504 578 625 645 deserti
648 577 836 644 baubantur
858 576 893 641 in
916 575 1052 641 aedibus
1074 583 1132 640 aut
1155 596 1230 641 cum

346 682 502 768 plorantis
525 682 656 768 firgiunt
678 681 849 747 summisso
871 701 1000 765 corpore
1023 679 1143 764 plagas

347 785 489 871 denique
512 807 578 850 nou
602 784 751 850 hinnitus
773 783 855 849 item
878 782 1006 848 differre
1027 782 1165 859 videtur,

346 887 433 954 inter
456 911 555 974 equas
578 888 637 953 ubi
656 909 759 974 equus
782 886 910 952 florenti
932 893 1042 951 aetate
1064 886 1219 951 iuvencus

345 989 508 1076 pinnigeri
530 989 634 1055 saevit
656 989 832 1055 calcaribus
854 989 938 1054 ictus
961 989 1087 1068 amoris,

346 1100 380 1158 et
403 1092 569 1158 fremitum
591 1093 712 1180 patulis
735 1093 793 1157 ubi
816 1093 947 1158 naribus
969 1092 1039 1158 edit
1061 1092 1103 1157 ad
1125 1115 1224 1170 arma,

345 1204 477 1263 etcum
500 1196 546 1263 sie
569 1198 648 1262 alias
670 1196 830 1262 concussis
852 1196 976 1262 artibus
999 1195 1125 1261 hinnitl

345 1306 508 1384 postremo
530 1322 634 1386 genus
656 1300 796 1365 alituum
818 1298 990 1384 variaeque
1011 1297 1163 1375 volueres,

259 1443 266 1452 =
345 1402 513 1488 accipitres
533 1412 633 1490 atque
656 1403 827 1489 ossifragae
847 1404 1015 1489 mergique
1037 1402 1171 1467 marinis

346 1503 499 1570 fluctibus
520 1506 556 1571 in
579 1507 662 1572 salso
684 1507 809 1572 victum
832 1508 1000 1592 vitamque
1022 1513 1180 1592 petentes,
1264 1553 1269 1562 .

346 1606 440 1693 longe
461 1609 541 1702 alias
563 1609 627 1675 alio
650 1609 774 1675 iaciunt
797 1611 832 1674 in
856 1619 1000 1695 tempore
1020 1631 1121 1686 voces,

346 1718 380 1776 et
401 1733 499 1797 quom
523 1713 564 1779 de
586 1713 675 1779 victu
698 1721 826 1778 certent
847 1713 1052 1799 praedaeque
1073 1719 1264 1797 repugnant

346 1823 380 1878 et
401 1814 522 1900 partim
544 1824 678 1880 mutant
700 1838 774 1881 curn
797 1814 1047 1901 tempestatibus
1069 1836 1136 1879 una

254 1955 257 1962 ·
346 1917 528 1985 raucisonos
551 1927 675 1997 cantus,
697 1918 862 1985 cornicum
883 1925 924 1982 ut
947 1916 1052 1982 saecla
1073 1922 1206 1981 vetusta

346 2042 577 2109 corvorumque
598 2046 712 2109 greges
729 2022 787 2088 ubi
805 2045 924 2109 aquam
942 2021 1095 2087 dicuntur
1114 2029 1149 2085 et
1168 2019 1281 2086 imbris
1339 2025 1417 2103 1085

346 2145 476 2210 poscere
498 2134 533 2191 et
556 2125 721 2192 interdum
743 2135 858 2191 ventos
878 2146 1037 2210 auresque
1059 2145 1181 2189 vocare.

349 2247 425 2313 ergo
447 2228 475 2294 si
496 2230 577 2294 varii
598 2252 711 2296 sensus
734 2230 889 2296 animalia
910 2237 1038 2315 cogunt,

347 2339 441 2395 muta
462 2340 573 2397 tamen
595 2354 669 2397 oum
689 2332 764 2410 sint,
784 2331 889 2397 varies
912 2331 1061 2396 emittere
1084 2351 1186 2406 voces,

347 2443 469 2520 quanto
492 2436 637 2502 mortalis
661 2436 765 2522 magis
788 2442 933 2500 aecumst
955 2441 1028 2498 tum
1049 2432 1193 2518 potuisse

348 2536 512 2620 dissimilis
533 2539 599 2604 alia
620 2548 719 2625 atque
741 2538 878 2602 uliares
899 2557 976 2601 voce
998 2540 1129 2600 notare!

391 2639 494 2723 [Hlud
517 2642 552 2706 iu
574 2641 625 2707 his
646 2643 742 2707 rebus
765 2640 885 2706 tacitus
906 2660 948 2703 ne
969 2638 1052 2703 forte
1073 2637 1224 2722 requiras,

346 2740 472 2809 fulmen
493 2746 612 2812 detulit
634 2746 669 2811 iu
690 2754 812 2810 terram
835 2743 1026 2809 mortalibus
1047 2742 1156 2828 ignem

348 2844 507 2930 primitus,
530 2850 607 2915 inde
629 2851 735 2915 omnis
756 2849 961 2914 flammarum
983 2845 1107 2911 diditur
1123 2845 1224 2912 ardor.

348 2951 453 3016 multa
474 2951 622 3018 videmus
647 2952 734 3018 enim
756 2951 948 3016 caelestibus
968 2949 1064 3014 inlita
1089 2950 1226 3015 flammis

348 3047 479 3136 fulgere,
500 3075 575 3118 cum
597 3051 678 3117 caeli
700 3049 834 3116 donavit
856 3050 953 3134 plaga
972 3070 1098 3134 vapore.
1339 3067 1416 3136 1095

348 3160 383 3217 et
406 3175 532 3220 ramosa
553 3162 666 3220 tamen
688 3176 762 3219 cum
784 3152 890 3217 ventis
912 3150 1006 3235 pulsa
1027 3150 1181 3216 vacillans

260 3311 375 3369 between
384 3321 519 3374 imitantur
528 3321 580 3372 and
590 3323 751 3373 minitantur.
851 3321 915 3371 1071
932 3321 1022 3370 deserti
1033 3321 1175 3370 baubantur
1184 3318 1287 3370 Nonius
1298 3320 1369 3371 Nico.
1380 3320 1421 3371 lor

261 3395 398 3452 (10σείοω
416 3406 550 3466 comate,
569 3405 618 3457 ie.
637 3406 733 3457 deserti
750 3406 778 3456 b.
794 3404 932 3463 subeatur,
944 3403 1003 3452 AB:
1032 3417 1062 3453 so
1080 3417 1107 3453 rr
1119 3403 1182 3452 1241
1199 3403 1324 3453 Poenum
1342 3412 1371 3453 ot
1387 3403 1420 3462 B,

260 3475 385 3532 Poenino
394 3492 419 3534 et
429 3485 452 3535 Δ
462 3487 534 3539 Nico.
546 3488 587 3539 lor
596 3489 728 3540 Poealhot.
828 3486 1051 3550 mussantibus·
1062 3487 1166 3535 northw
1176 3484 1257 3535 hauh.
1269 3485 1309 3536 lor
1321 3489 1420 3549 patulis

260 3559 307 3605 mh
321 3564 437 3613 nauhu:
453 3565 508 3617 this
526 3567 606 3630 slight
623 3567 721 3632 change
738 3568 752 3618 1
769 3567 857 3629 adopt,
868 3567 915 3617 hut
929 3565 992 3616 with
1008 3564 1151 3616 hesitation
1166 3565 1207 3615 lor
1223 3565 1299 3616 other
1314 3581 1421 3618 masona

261 3637 314 3686 und
324 3640 380 3692 also
390 3659 425 3694 on
433 3652 541 3699 account
551 3651 579 3700 ol
589 3649 635 3700 the
646 3653 772 3714 apparent
782 3649 915 3701 imitation
926 3649 954 3699 ol
963 3648 1044 3712 virgil
1055 3663 1137 3712 georg.
1150 3663 1184 3698 111
1194 3650 1226 3699 85
1237 3649 1421 3713 Colleetamque

256 3717 367 3777 srernem
385 3728 464 3776 culm
480 3732 525 3779 mh
540 3733 643 3781 aurthm
660 3734 755 3793 Quem:
782 3735 871 3796 ‘turpe
888 3734 915 3782 el
932 3730 1072 3781 obscenum
1086 3729 1209 3793 loquendi
1226 3736 1321 3794 genus‘
1339 3733 1420 3797 really

262 3806 348 3847 comes
358 3801 387 3850 to
397 3803 520 3869 nothing:
537 3808 601 3858 Aen.
610 3823 639 3859 ιι
650 3811 743 3862 lauet
754 3827 805 3862 non
815 3814 844 3862 la
854 3814 970 3862 Veneram
980 3826 1064 3874 aegaea
1073 3818 1242 3874 maturaeque
1253 3814 1332 3872 hella3
1350 3828 1419 3876 geor.

262 3885 296 3923 111
307 3877 339 3928 98
349 3881 473 3942 siquando
485 3888 520 3937 ad
526 3890 627 3951 proella
636 3899 737 3942 venam
747 3899 793 3950 eet,
804 3892 857 3943 and
867 3891 913 3943 the
922 3892 975 3943 like
986 3907 1030 3943 are
1040 3891 1112 3954 quite
1123 3906 1152 3942 as
1163 3906 1258 3942 course.
1355 3895 1420 3945 1000

261 3959 337 4010 'alw-
374 3967 448 4016 nahe
463 3967 555 4021 hamb.
571 3972 670 4036 tautly.
769 3976 834 4026 10Θο
846 3978 1003 4040 prosamque
1014 3976 1109 4025 hreno.
1121 3973 1218 4038 rightly
1231 3974 1272 4025 lor
1282 3978 1419 4039 praedm

263 4055 318 4103 9¹⁴0·
351 4050 496 4114 praedaque
511 4053 534 4103 A
548 4068 611 4104 oorr.
629 4055 701 4106 Nico.
711 4055 781 4119 vulg.
889 4059 953 4108 1084
967 4067 996 4108 at
1007 4059 1117 4120 Nauger.
1129 4058 1169 4107 ior
1179 4065 1211 4108 et.
1245 4057 1327 4109 1111
1343 4058 1418 4110 1111111

262 4119 328 4173 omit
342 4123 388 4175 the
398 4129 478 4191 ποιᾶς
496 4133 549 4183 und
559 4134 615 4185 also
629 4135 704 4194 Mar,
715 4135 763 4186 but
779 4135 813 4186 he
828 4136 939 4200 changes
949 4141 993 4189 oti
1009 4139 1037 4189 ol
1051 4140 1114 4189 next
1127 4155 1153 4189 r.
1164 4140 1192 4189 to
1205 4141 1254 4189 ati.
1355 4141 1419 4192 1⁰88

263 4201 456 4260 Mathlor.ll
474 4212 540 4263 Mar.
551 4213 719 4265 Alulsnnt.
731 4215 771 4266 lor
781 4217 876 4266 Multa
975 4220 1039 4271 1000
1054 4236 1094 4270 m
1105 4219 1277 4270 Nico.lorre:
1294 4235 1417 4285 eompn.
1532 4267 1533 4286 ,

262 4286 374 4341 101058.
472 4295 537 4348 1094
552 4298 631 4348 tauta
646 4296 726 4348 Laeli.
742 4297 784 4348 lor
799 4300 887 4349 imita.
920 4301 1002 4351 s'acr‘ta
1012 4301 1078 4352 Mar.
1094 4302 1169 4352 lunt.
1185 4302 1254 4366 vulg.
1353 4305 1418 4356 1005

259 4371 613 4445 ραροτιῑιιοὴλοτυαροήε.
646 4395 750 4444 vapores
760 4380 829 4443 vulg.
862 4380 1042 4431 vareNonius.
1143 4383 1207 4433 1090
1218 4384 1255 4432 Et
1265 4381 1330 4433 Mar.
1342 4382 1420 4435 lunt.
1532 4363 1533 4366 Ἴ
