3092 4984
259 357 299 423 72
827 336 844 400 Ι

348 492 519 558 visceribus
540 492 645 559 viscus
666 491 756 579 gigni
779 512 989 579 sanguenque
1007 490 1107 556 creari

345 598 511 683 sanguinis
534 598 620 663 inter
644 619 678 664 se
704 597 817 663 multis
838 595 1022 662 coeuntibu’
1043 595 1148 682 guttis

345 725 386 767 ex
408 703 543 789 aurique
564 709 661 789 putat
683 702 774 767 micis
796 702 969 767 consistere
990 722 1084 786 posse
1254 682 1260 696 ⁸

345 829 461 872 aurum
487 815 521 873 et
545 807 586 872 de
609 808 704 873 terris
725 814 846 872 terram
867 827 1068 871 concrescere
1090 803 1206 890 parvis,
1349 804 1420 881 840

344 909 474 994 ignibus
496 929 537 973 ex
558 908 651 993 ignis,
674 929 822 972 umorem
843 906 1010 971 umoribus
1031 927 1109 983 esse,

346 1021 454 1078 cetera
474 1012 632 1077 consimili
654 1012 750 1098 fingit
772 1011 897 1076 ratione
919 1019 1088 1096 putatque.
1118 1046 1119 1049 κ

346 1137 406 1179 nec
428 1123 540 1180 tamen
566 1136 635 1180 esse
660 1114 729 1179 ulla
751 1120 845 1200 parte
868 1113 955 1179 idem
976 1113 1012 1178 in
1035 1113 1131 1178 rebus
1152 1111 1251 1177 inane

346 1219 492 1285 concedit
514 1241 621 1305 neque
643 1219 827 1305 corporibus
848 1218 948 1283 finem
970 1239 1039 1283 esse
1061 1217 1217 1283 secandis.

347 1343 447 1407 quare
469 1322 505 1385 in
529 1329 669 1407 utraque
691 1321 774 1385 mihi
800 1320 922 1406 pariter
942 1319 1068 1386 ratione
1090 1320 1220 1384 videtur
1351 1319 1416 1400 845

345 1445 451 1488 errare
473 1431 572 1508 atque
594 1422 651 1500 illi,
673 1443 771 1506 supra
792 1443 873 1508 quos
894 1421 1036 1487 diximus
1057 1430 1142 1487 ante.

346 1530 428 1596 udde
450 1529 537 1616 quod
561 1529 713 1595 inbecilla
732 1529 832 1594 nimis
853 1528 1031 1615 primordia
1051 1528 1146 1615 fingit
1157 1551 1166 1607 ;

345 1635 372 1700 si
395 1633 571 1721 primordia
593 1642 677 1712 suut,
701 1634 800 1699 simili
822 1656 906 1720 quae
929 1633 1078 1719 praedita
1101 1639 1251 1698 coustant

344 1748 464 1806 natura
487 1748 587 1825 atque
610 1739 699 1825 ipsae
720 1761 772 1804 res
794 1749 871 1805 sunt
897 1761 1065 1826 aequeque
1086 1738 1236 1803 laborant

345 1854 379 1910 et
400 1849 540 1929 pereunt
562 1862 669 1927 neque
692 1841 734 1905 ab
755 1841 856 1906 exitio
878 1863 929 1906 res
954 1842 1023 1906 ulla
1044 1840 1195 1906 refrenat.
1349 1840 1419 1920 850

346 1943 526 2031 namquid
550 1943 585 2008 in
611 1964 766 2029 oppressu
791 1942 899 2007 valido
925 1943 1057 2008 durabit
1083 1964 1204 2019 eorum,

346 2057 384 2116 ut
407 2056 547 2115 mortem
572 2047 715 2134 effugiat,
737 2047 797 2112 leti
822 2048 883 2112 sub
907 2046 1062 2113 dentibus
1087 2047 1188 2132 ipsisl

347 2153 432 2239 ignis
446 2175 489 2218 an
503 2174 598 2218 umor
611 2174 653 2217 an
668 2156 769 2218 aural
789 2151 869 2238 quid
883 2152 1022 2218 horuml
1046 2173 1192 2237 sanguen
1206 2173 1249 2215 an
1264 2154 1358 2216 oscal

346 2256 403 2334 nil,
428 2264 468 2320 ut
491 2254 612 2341 opinor,
637 2254 696 2319 ubi
719 2276 759 2319 ex
783 2275 888 2341 aequo
913 2275 965 2320 res
991 2253 1140 2319 funditus
1164 2253 1270 2318 omnis

345 2366 416 2424 tam
438 2356 584 2422 mortalis
607 2356 670 2422 erit
692 2377 792 2442 quam
815 2378 900 2443 quae
918 2355 1093 2421 manifesta
1115 2355 1263 2421 ridemus
1350 2355 1415 2435 855
1435 2335 1471 2355 ⁸

347 2481 388 2524 ex
411 2458 512 2524 oculis
537 2457 656 2523 nostris
681 2457 791 2544 aliqua
815 2458 848 2523 ri
872 2458 960 2524 victa
982 2458 1097 2545 perire.

345 2570 381 2628 at
401 2583 509 2647 neque
531 2562 689 2628 reccidere
711 2562 753 2626 nd
774 2562 880 2628 nilum
901 2585 952 2629 res
974 2585 1066 2649 posse
1087 2585 1194 2649 neque
1215 2570 1326 2627 autem

346 2688 486 2732 cresccre
508 2665 548 2731 de
570 2666 637 2732 nilo
658 2674 762 2733 testor
783 2690 834 2732 res
860 2677 937 2733 ante
962 2669 1123 2755 probatos.

346 2778 514 2856 praeterea
536 2769 691 2853 quoniam
715 2770 806 2835 cibus
831 2778 930 2857 auget
956 2793 1070 2858 corpus
1093 2770 1225 2857 alitque,

260 2999 274 3034 e
285 2984 361 3035 Pont.
372 2983 438 3035 Mar.
450 2984 508 3035 alu.
520 2986 535 3034 1
552 2985 627 3035 lunt·
638 2985 679 3036 for
689 2987 727 3036 de.
825 2988 874 3040 880
890 2987 939 3038 840
955 2989 1195 3052 wriqroe...carum:
1212 2997 1242 3034 as
1251 2982 1286 3034 he
1296 2980 1418 3033 immedi-

260 3066 330 3130 ately
346 3069 509 3118 enumeratas
525 3065 571 3117 ths
587 3066 661 3117 three
674 3067 750 3117 other
765 3067 901 3128 elementa,
918 3068 1005 3119 Bentl.
1022 3081 1145 3131 proposes
1160 3078 1418 3129 auraeque...caroer.

260 3149 339 3212 ‘quid
353 3148 397 3199 hic
412 3154 523 3201 aurum?
540 3150 627 3201 oculos
645 3150 720 3201 oredo
737 3150 909 3214 interpretum
928 3149 1243 3215 praestrinxit...Simplic.
1263 3150 1352 3198 tamen
1373 3146 1420 3208 [in

260 3230 340 3281 aust.
359 3231 435 3296 phys.
454 3233 499 3283 tol.
519 3233 535 3284 t
552 3232 582 3296 b]
602 3233 634 3284 de
652 3234 766 3297 Anaxag-
800 3235 882 3285 πάντα
900 3238 934 3286 τὰ
953 3236 1080 3298 ὁμοιομερῆ
1100 3236 1149 3284 olor
1166 3235 1196 3284 rb
1213 3232 1276 3296 ὕδωρ
1295 3229 1311 3291 sl
1331 3231 1382 3294 πῦρ
1401 3232 1421 3293 ἢ

260 3313 351 3375 χρυσόν
366 3315 423 3364 sto’
456 3312 522 3365 'I'lris
538 3313 590 3364 and
606 3314 681 3365 other
696 3329 817 3379 passages
834 3331 905 3366 seem
920 3318 948 3366 to
964 3315 1059 3366 defend
1073 3315 1119 3366 the
1135 3315 1205 3364 text:
1235 3327 1277 3363 sse
1293 3313 1368 3362 notes
1385 3313 1419 3362 2:

259 3395 304 3458 yet
315 3409 398 3459 comp.
410 3397 466 3447 858.
564 3396 613 3446 848
628 3399 684 3447 ulla
696 3405 770 3461 parte
787 3399 852 3448 idem
867 3398 1027 3461 Nicarulgo
1043 3398 1083 3448 lor
1098 3398 1154 3447 ulle
1168 3398 1234 3446 idem
1246 3401 1328 3458 parte.
1360 3394 1421 3444 ullu

260 3479 326 3528 idem
342 3495 372 3529 cc
389 3487 463 3543 parte
479 3477 560 3529 Lech.
577 3479 685 3531 because
701 3481 779 3532 Lacr.
796 3480 830 3532 he
847 3496 906 3545 says
922 3482 983 3545 only
1000 3481 1078 3531 omits
1098 3480 1144 3530 the
1166 3477 1325 3543 prepositiou
1340 3474 1420 3527 when

259 3575 277 3610 a
287 3562 399 3623 genitive
410 3562 434 3612 is
444 3561 539 3612 added:
556 3561 604 3611 but
617 3566 647 3613 io
660 3566 731 3615 retro
747 3579 831 3615 seems
845 3565 992 3628 squiralsnt
1002 3567 1031 3615 to
1041 3579 1103 3615 one:
1120 3577 1204 3625 comp.
1220 3562 1313 3612 Juven.
1324 3574 1351 3609 rr
1366 3560 1419 3613 48⁴1

261 3645 349 3706 Adqae
360 3646 416 3693 clia
428 3652 502 3706 panc
518 3646 547 3694 in
563 3648 661 3695 trustino
676 3650 804 3710 aspersit
818 3649 962 3698 Horrea-um.
1060 3646 1110 3696 848
1125 3647 1168 3695 illi
1178 3659 1255 3707 aspra
1265 3658 1325 3707 ques
1334 3656 1418 3705 marg.

260 3723 331 3774 Flor.
342 3727 375 3774 88
391 3725 449 3775 Ald.
460 3726 474 3775 1
491 3726 565 3776 June.
579 3727 619 3777 lor
629 3730 683 3777 illia
697 3732 757 3779 aira
767 3732 834 3793 quod
843 3731 874 3788 Δ,
885 3746 933 3794 quo
944 3731 967 3780 B
979 3730 1052 3781 cort.
1091 3731 1146 3779 illis
1154 3729 1234 3791 jerem
1247 3728 1314 3790 quod
1326 3725 1418 3775 camb.

260 3805 319 3856 Vat.
332 3808 396 3858 1854
407 3808 503 3858 Othob.
535 3811 599 3858 siric
616 3812 689 3860 laerta
705 3827 765 3874 qum
782 3812 851 3862 Flor.
863 3814 905 3862 81.
936 3816 992 3864 illis
1002 3816 1077 3864 iente
1087 3812 1152 3875 Ang-
1164 3810 1277 3861 Politian
1291 3809 1320 3858 in
1334 3822 1418 3871 marg.

260 3884 330 3936 Flor.
350 3888 391 3938 78.
490 3887 538 3939 847
563 3890 682 3939 inbecilla
700 3890 770 3940 Flor.
790 3893 823 3941 81
845 3892 935 3943 (lamb.
953 3895 994 3944 tor
1012 3895 1140 3944 inbecilla.
1237 3892 1285 3941 857
1310 3891 1418 3952 effugiat

260 3969 283 4018 B
294 3983 358 4019 corr.
370 3969 439 4020 Flor.
450 3972 483 4021 81
502 3971 578 4021 Pont.
591 3971 656 4022 Mar.
668 3973 708 4022 for
718 3976 820 4038 efficiat.
917 3978 966 4028 858
983 3992 1092 4039 carpum
1103 3992 1137 4026 ar
1146 3991 1202 4026 cccc
1212 3989 1291 4037 marg.
1303 3973 1373 4023 Flor.
1384 3974 1418 4023 88

260 4052 336 4103 Pont.
349 4052 441 4103 Lamb.
453 4054 493 4104 lor
502 4057 605 4118 sanquis
616 4071 650 4105 aa
660 4072 695 4107 os.
728 4063 829 4121 sanquis
839 4073 892 4108 was
906 4060 1036 4110 unknown
1048 4061 1077 4109 to
1088 4058 1180 4108 Luca:
1197 4072 1225 4107 rr
1236 4058 1300 4107 1050
1314 4062 1419 4117 rewers

258 4138 337 4195 aad«
354 4151 382 4186 rr
399 4138 463 4187 1808
481 4145 583 4200 scapua
599 4141 717 4202 expleto:
743 4155 786 4192 sec
805 4141 886 4193 Lech.
907 4144 959 4194 and
977 4143 1027 4193 add
1048 4143 1108 4194 Ssn.
1129 4141 1198 4192 Med.
1217 4140 1265 4193 770
1289 4137 1342 4189 and
1356 4137 1417 4189 Vel.

258 4217 389 4268 Iliacam
400 4217 448 4268 884
459 4225 568 4281 umque.
600 4220 671 4270 Flor.
682 4222 715 4271 81
732 4221 795 4273 does
810 4224 858 4272 not
874 4236 903 4273 as
920 4222 1001 4274 Lech.
1019 4237 1078 4286 says
1093 4206 1156 4273 read
1169 4221 1272 4284 maoch
1282 4234 1323 4276 au,
1335 4233 1370 4268 απ
1380 4234 1417 4268 0⁸·

256 4316 367 4364 emmer
376 4316 403 4352 os
412 4317 502 4352 mamm
511 4301 602 4363 uach..
616 4316 651 4353 an
666 4304 791 4356 arrkward
805 4306 857 4357 and
872 4306 1031 4370 improbable
1042 4306 1193 4358 correction.
1291 4302 1353 4352 80οε
1370 4300 1419 4351 the

255 4403 329 4441 verse
347 4390 399 4441 lost
417 4388 479 4442 hers
497 4389 590 4441 Lamb.
608 4390 671 4441 thus
691 4390 816 4456 supplies,
835 4393 872 4441 Et
891 4406 979 4442 neruos
997 4391 1148 4441 elcanam
1166 4402 1198 4438 ex
1216 4386 1333 4450 partibus
1351 4397 1416 4440 met
