3092 4984
831 317 867 379 ll

357 480 391 537 et
412 469 506 536 nardi
528 468 649 544 florem,
672 475 785 533 nectar
806 467 864 553 qui
887 466 1020 531 naribus
1042 467 1140 542 halat,

357 596 432 640 eum
454 573 558 638 iacere
580 571 742 648 instituas,
766 593 841 636 cum
863 570 976 656 primis
995 591 1149 655 quaerere
1167 591 1226 655 par
1247 578 1305 645 est,

358 674 464 762 quoad
486 676 563 741 licet
584 697 621 740 ao
642 675 744 760 possis
766 674 915 761 reperire,
938 674 1091 739 inolentis
1113 674 1190 739 olivi
1365 672 1431 751 850

358 788 518 860 usturam,
540 780 665 844 nullam
688 801 772 864 quae
795 779 907 844 mittat
929 778 1062 843 naribus
1084 800 1206 852 auram,

358 907 457 969 quam
479 883 614 948 minime
635 891 674 948 ut
696 884 797 968 possit
818 884 937 948 mixtos
959 883 1146 968 incorpore
1168 880 1280 947 odores

357 995 587 1072 concoctosque
609 1008 667 1050 suo
689 994 891 1051 contractans
912 986 1047 1071 perdere
1068 985 1146 1063 viro,

357 1096 490 1173 propter
512 1087 650 1153 eandem
672 1109 740 1153 rem
762 1088 883 1153 debent
904 1087 1081 1174 primordia
1103 1109 1211 1151 rerum

357 1213 424 1256 non
445 1191 599 1256 adhibere
622 1214 717 1255 suum
738 1191 914 1275 gignundis
936 1190 1032 1255 rebus
1054 1189 1184 1254 odorem
1366 1187 1427 1265 855

355 1313 415 1356 neo
436 1291 589 1370 sonitum,
612 1292 773 1377 quoniam
789 1291 837 1355 nil
859 1293 900 1357 ab
923 1314 957 1356 se
980 1291 1110 1356 mittere
1132 1297 1276 1377 possunt,

356 1417 416 1459 nec
438 1395 536 1459 simili
558 1396 683 1459 ratione
705 1417 853 1480 saporem
875 1395 1015 1480 denique
1038 1418 1236 1482 quemquam

355 1520 414 1564 nec
435 1499 536 1583 frigus
558 1521 664 1584 neque
687 1499 768 1564 item
790 1499 932 1564 calidum
953 1499 1167 1585 tepidumque
1189 1520 1349 1584 vaporem,

357 1610 479 1682 cetera3
502 1622 585 1685 quae
608 1623 682 1665 cum
704 1602 753 1665 ita
774 1610 851 1669 sunt
872 1610 984 1666 tamen
1006 1611 1044 1666 ut
1067 1602 1216 1666 mortalia
1238 1607 1394 1673 constent,

356 1702 447 1767 molli
469 1703 567 1778 lenta,
590 1702 717 1788 fragosa
738 1704 837 1789 putri,
861 1726 940 1769 cava
961 1727 1091 1790 corpore
1114 1727 1196 1781 raro,
1365 1701 1431 1765 860

359 1804 470 1869 omnia
491 1804 558 1870 sint
579 1828 600 1869 a
619 1805 789 1891 principiis
811 1806 959 1872 seiuncta
980 1817 1148 1887 necessest,

356 1907 541 1975 inmortalis
562 1910 590 1975 si
611 1910 760 1976 volumus
782 1912 977 1997 subiungere
999 1913 1095 1977 rebus

356 2012 571 2080 fundamenta
592 2015 711 2100 quibus
732 2015 860 2081 nitatur
880 2039 1010 2082 summa
1029 2018 1163 2099 salutis3

356 2136 398 2180 ne
420 2116 482 2181 tibi
504 2139 555 2182 res
576 2116 710 2182 redeant
732 2117 775 2182 ad
797 2118 902 2183 nilum
923 2120 1071 2185 funditus
1089 2142 1209 2185 omnes

400 2217 497 2282 Nunc
519 2242 559 2283 ea
580 2240 663 2304 quae
685 2220 806 2284 sentire
827 2221 975 2286 videmus
997 2244 1136 2308 cumque
1157 2226 1317 2287 necessest
1366 2221 1427 2302 865

357 2345 397 2388 ex
419 2322 625 2389 insensilibus
646 2331 759 2389 tamen
780 2326 890 2391 omnia
909 2327 1082 2393 confiteare

357 2424 523 2511 principiis
545 2435 698 2493 constare.
720 2450 827 2514 neque
849 2428 883 2493 id
905 2430 1090 2495 manufesta
1111 2430 1256 2496 refutant

356 2550 416 2609 neq
437 2537 549 2594 contra
569 2538 727 2616 pugnant,
750 2532 961 2619 inpromptu
984 2535 1113 2619 cognita
1135 2558 1218 2620 quae
1241 2545 1326 2614 sunt,

357 2629 415 2694 sed
436 2626 540 2716 magis
561 2632 633 2718 ipsa
653 2657 753 2699 manu
776 2635 900 2702 ducunt
924 2645 958 2702 et
980 2638 1110 2704 credere
1131 2648 1251 2724 cogunt

357 2754 397 2797 ex
419 2733 632 2816 insensilibus,
655 2739 742 2824 quod
764 2739 843 2819 dico,
866 2741 1022 2806 animalia
1043 2742 1141 2827 gigni.
1367 2745 1434 2826 870

358 2836 478 2922 quippe
500 2837 610 2904 videre
631 2840 707 2905 licet
728 2844 819 2907 vivos
842 2843 981 2908 existere
1002 2866 1128 2909 vermes

357 2949 496 3006 stercore
517 2942 558 3007 de
580 2951 694 3021 taetro,
717 2954 869 3031 putorem
891 2971 966 3013 cum
988 2949 1050 3014 sibi
1072 2958 1168 3015 nacta
1190 2960 1239 3014 est

356 3041 594 3130 intempestivis
617 3069 658 3112 ex
679 3048 839 3115 imbribus
862 3052 975 3116 umida
995 3054 1113 3133 tellus3

359 3156 527 3232 praeterea
547 3160 680 3218 cunetas
701 3153 817 3220 itidem
839 3178 890 3221 res
912 3165 1038 3222 vertere
1060 3179 1138 3222 sese.

358 3259 491 3317 vertunt
513 3276 547 3319 se
568 3254 661 3320 fluvii
683 3255 811 3322 frondes
834 3267 868 3323 ct
889 3260 1010 3345 pabula
1031 3261 1118 3325 laeta
1366 3261 1428 3341 875

359 3354 394 3417 in
415 3355 563 3440 pecudes,
584 3367 718 3424 vertunt
738 3360 877 3446 pecudes
898 3361 935 3426 in
956 3385 1088 3448 corpora
1109 3371 1220 3427 nostra

357 3465 518 3536 naturam,
541 3469 575 3526 et
596 3472 705 3529 nostro
726 3464 767 3528 de
790 3486 919 3550 corpore
941 3487 1038 3551 saepe
1060 3466 1203 3531 ferarum

359 3568 536 3644 augescunt
558 3563 642 3628 vires
664 3573 698 3630 et
719 3588 852 3652 corpora
872 3569 1153 3653 pennipotentum.

359 3682 434 3745 ergo
456 3684 567 3728 omnes
589 3673 707 3731 ustura
728 3669 816 3734 cibos
837 3671 873 3736 in
895 3694 1026 3757 corpora
1047 3673 1123 3737 viva

359 3763 457 3826 vertit
479 3772 514 3828 et
535 3765 610 3829 hino
632 3789 744 3832 sensus
766 3772 970 3839 animantum
989 3784 1135 3860 procreat
1157 3797 1276 3863 omncs,
1367 3779 1436 3840 880

267 3940 405 4002 promtum.
438 3944 541 4003 prrrprio
552 3942 631 3992 Laoh.
644 3945 706 3995 with
718 3946 791 3997 Juut.
808 3954 854 3999 not
871 3951 949 4011 Mar.;
967 3952 1014 4001 but
1025 3968 1145 4019 compare
1157 3954 1213 4002 855.
1241 3952 1383 4003 ulloPont.

303 4018 351 4067 850
364 4019 452 4080 poscis.
481 4023 550 4082 potis
567 4037 592 4070 es
608 4022 805 4076 hemburen:
824 4043 866 4078 see
882 4033 992 4080 notes2.
1092 4032 1140 4080 853
1166 4039 1323 4080 contractans
1341 4031 1435 4091 Laeli..

270 4098 322 4150 aud
333 4114 403 4149 some
415 4115 478 4149 mss.
492 4102 519 4149 ol
529 4102 646 4153 Priscian
660 4120 686 4154 rr
698 4108 729 4157 91
742 4108 782 4157 for
793 4118 940 4160 contractas.
964 4120 1090 4162 contortos
1101 4113 1171 4175 vulg.
1195 4129 1293 4161 seniore
1306 4114 1436 4177 (superare

270 4180 380 4245 Forbig.)
402 4188 426 4228 et
439 4182 541 4243 perdere
559 4183 660 4233 Nonius
679 4201 705 4248 p.
726 4187 782 4236 188.
881 4192 929 4255 854
946 4193 1052 4255 Propter
1069 4195 1172 4242 canum
1191 4209 1241 4242 rem
1261 4193 1341 4242 uren
1362 4202 1437 4246 most

271 4264 341 4328 truly
357 4263 397 4313 ior
414 4263 519 4327 Propter·
540 4267 649 4316 eandem.
685 4268 820 4330 Propterea
840 4273 940 4319 tandem
956 4272 1025 4322 Flor.
1033 4274 1064 4323 31
1087 4274 1177 4325 camb.
1200 4275 1275 4335 Man,
1295 4277 1436 4339 Propterea

272 4347 366 4396 mum
375 4343 476 4404 hamb,
488 4343 618 4410 absurdly.
716 4351 765 4400 880
782 4352 857 4401 Molli
869 4353 960 4403 Lamb.
973 4355 1040 4404 aiter
1051 4355 1188 4407 Turnebus
1200 4358 1240 4407 lor
1250 4358 1354 4407 Mollia.
