3092 4984
251 331 315 395 216
814 328 843 392 V

331 506 415 570 quae
438 486 589 569 quoniam
612 506 769 548 manuum
792 493 916 549 tactum
940 483 1073 568 suffirgit
1095 493 1129 548 et
1151 484 1262 559 ictum,
1347 496 1406 561 150

337 587 447 651 tactile
470 587 516 651 nil
538 587 630 650 nobis
652 586 738 671 quod
761 586 804 650 sit
826 586 1012 670 contingere
1035 585 1140 651 debet.

338 701 470 775 tangere
493 691 581 754 enim
603 713 668 755 nou
690 690 762 775 quit
785 689 870 775 quod
892 690 984 774 tangi
1006 712 1071 753 non
1094 689 1171 753 licet
1193 689 1308 775 ipsum.

337 816 435 878 quare
458 794 557 859 etiam
579 793 671 859 sedes
693 815 821 880 queque
843 793 961 857 nestris
982 791 1112 857 sedibus
1134 814 1203 857 esse

338 900 508 966 dissimiles
531 902 659 977 debent,
683 909 798 965 tenues
821 900 861 964 de
884 921 1012 985 corpore
1036 921 1167 980 eorum;

338 1024 421 1087 quae
443 1003 504 1067 tibi
525 1002 684 1088 posterius
705 1003 793 1086 largo
815 1023 960 1065 sermone
983 1001 1130 1085 probabo.

337 1104 442 1169 dicere
462 1127 555 1189 porro
577 1105 745 1168 hominum
768 1127 864 1168 causa
884 1104 1022 1169 voluisse
1044 1126 1157 1188 parare

340 1208 533 1291 praeclaram
556 1208 670 1271 mundi
693 1218 843 1272 naturam
869 1216 1103 1292 proptereaque

338 1309 541 1373 adlaudabile
564 1332 644 1394 opus
665 1310 774 1373 divom
796 1310 927 1373 laudare
950 1310 1063 1374 decere

339 1422 570 1497 aeternumque
592 1422 707 1497 putare
729 1424 828 1498 etque
851 1413 1021 1476 inmortale
1043 1413 1190 1476 futurum

339 1538 397 1580 nec
419 1517 467 1580 fas
489 1539 566 1591 esse,
590 1517 688 1580 deum
712 1517 798 1600 quod
821 1518 863 1581 sit
885 1517 1010 1580 ratione
1033 1527 1163 1580 vetusta

338 1621 488 1706 gentibus
511 1621 661 1685 humanis
684 1619 857 1683 fundatum
881 1629 1037 1704 perpetue
1060 1641 1147 1696 acre,

340 1724 498 1789 solicitare
520 1725 586 1788 suis
608 1725 676 1788 ulla
697 1724 730 1787 vi
752 1745 793 1787 ex
816 1723 945 1787 sedibus
968 1746 1123 1809 umquam

341 1851 399 1893 nec
420 1829 526 1893 verbis
548 1850 664 1893 vexare
687 1837 721 1892 et
742 1828 785 1892 ab
808 1828 872 1891 imo
896 1837 1039 1891 evertere
1062 1849 1197 1902 summa,

339 1942 446 1996 cetera
468 1931 507 1996 de
528 1953 645 2016 genere
669 1931 728 1994 hec
749 1930 912 2014 adfingere
935 1937 968 1993 et
990 1930 1116 2006 addere,
1138 1929 1281 2004 Memmi,

339 2037 521 2121 desiperest.
545 2035 623 2119 quid
646 2034 733 2099 enim
755 2034 982 2097 inmortalibus
1004 2043 1103 2117 atque
1125 2033 1230 2097 beatis

338 2140 443 2224 gratia
465 2147 574 2202 nostra
596 2147 696 2222 queat
718 2136 862 2220 largirier
884 2136 1103 2212 emolumenti,

340 2251 377 2306 ut
400 2251 509 2305 nostra
531 2243 704 2325 quicquam
727 2263 823 2304 causa
844 2262 955 2323 gerere
978 2239 1230 2324 adgredienturl

340 2345 458 2430 quidve
481 2344 555 2407 novi
578 2344 685 2427 potuit
708 2352 800 2406 tanto
823 2353 895 2428 post
918 2351 993 2406 ante
1016 2342 1142 2427 quietes

339 2447 469 2510 inlicere
492 2454 530 2509 ut
552 2456 705 2529 cuperent
728 2446 829 2509 vitam
852 2457 978 2510 mutare
1000 2446 1162 2530 priorem?

261 2562 314 2629 175
340 2558 382 2625 at,
406 2548 508 2622 credo,
532 2548 566 2610 in
589 2549 730 2612 tenebris
753 2550 821 2613 vita
842 2573 879 2613 ac
902 2574 1043 2615 maerore
1067 2552 1201 2628 iacebat,

342 2650 443 2714 donec
465 2650 582 2714 diluxit
604 2672 711 2713 rerum
734 2651 884 2734 genitalis
908 2653 1001 2735 origo.

260 2770 320 2833 170
341 2775 417 2816 nam
439 2752 579 2837 gaudere
602 2753 692 2816 novis
714 2754 809 2817 rebus
833 2754 949 2819 debere
971 2756 1100 2819 videtur

341 2856 393 2922 cui
418 2865 540 2920 veteres
562 2856 698 2934 obsunt3
719 2855 774 2919 sed
797 2857 850 2920 cui
871 2857 918 2920 nil
940 2858 1057 2921 eccidit
1079 2858 1166 2942 aegri

341 2971 485 3047 tempore
507 2960 541 3024 in
564 2969 721 3035 anteacta,
745 2983 817 3024 cum
841 2961 972 3046 pulchre
995 2961 1127 3045 degeret
1149 2985 1271 3038 aevom,

340 3064 419 3149 quid
441 3061 549 3148 potuit
571 3062 724 3126 novitatis
746 3084 888 3126 amorem
910 3063 1083 3126 accendere
1105 3063 1188 3126 telil

261 3185 319 3248 174
341 3167 458 3252 quidve
482 3166 558 3229 mali
581 3167 686 3230 fuerat
709 3166 801 3228 nobis
823 3188 888 3228 nou
911 3187 978 3229 esse
1001 3166 1138 3229 creatis?

260 3288 318 3352 177
340 3279 436 3334 natus
459 3269 546 3332 enim
569 3268 666 3332 debet
688 3268 882 3351 quicumque
906 3277 955 3330 est
977 3268 1059 3331 velle
1081 3288 1212 3330 manere

340 3375 374 3437 in
398 3374 472 3449 vita,
496 3372 596 3436 donec
619 3372 771 3435 retinebit
794 3370 912 3434 blanda
933 3370 1088 3454 voluptas

340 3475 397 3559 qui
420 3497 598 3557 numquam
622 3496 695 3537 vero
719 3474 805 3537 vitae
827 3473 969 3557 gustavit
992 3496 1134 3537 amorem

339 3598 398 3638 nec
420 3577 483 3637 fuit
505 3576 539 3638 in
562 3598 702 3652 numere,
725 3576 804 3658 quid
828 3578 917 3640 obest
940 3599 1005 3639 non
1028 3599 1097 3640 esse
1120 3582 1288 3643 creatum?
1348 3582 1414 3644 180

340 3677 524 3758 exemplum
547 3699 639 3758 perro
661 3678 834 3759 gignundis
857 3680 951 3742 rebus
974 3687 1008 3741 et
1034 3680 1105 3763 ipsa
1185 3699 1188 3705 ‘

340 3777 472 3839 notities
495 3776 575 3838 divis
598 3777 766 3840 hominum
791 3780 876 3843 unde
898 3789 946 3844 est
970 3781 1067 3844 insita
1089 3782 1239 3866 primum,

254 3957 308 4007 loll.
408 3957 454 4005 152
471 3959 537 4017 qttod
554 3957 618 4005 Mar.
635 3957 709 4005 dunt.
727 3960 766 4006 lor
783 3963 849 4021 qaod
865 3964 896 4009 11.
996 3964 1042 4012 164
1060 3966 1090 4012 de
1106 3979 1212 4025 coqrere,
1243 3980 1291 4026 pro
1307 3982 1412 4029 corpore

254 4037 344 4088 Lamb.
364 4035 431 4097 conj.
454 4034 506 4083 and
524 4036 573 4084 Ed.
585 4038 613 4084 in
632 4037 672 4086 ed.
683 4040 711 4086 1:
729 4054 771 4087 see
792 4043 867 4089 notes
885 4043 909 4090 2.
943 4050 1037 4091 tenuere
1058 4047 1081 4092 11
1103 4047 1186 4105 corpa’
1208 4046 1309 4094 deerrrm
1327 4047 1411 4097 Laeli.

255 4130 336 4170 tenues
346 4133 390 4167 cea
400 4131 504 4178 corpora
514 4132 598 4165 coram
612 4117 662 4164 Ed.
674 4119 702 4166 in
714 4120 791 4167 small
803 4120 842 4168 ed.
942 4124 989 4173 162
1005 4127 1060 4172 ullo
1071 4127 1098 4173 vi
1109 4140 1148 4173 ea.
1181 4127 1262 4175 ullum
1272 4128 1303 4176 de
1314 4128 1411 4178 Lamb.

252 4198 677 4260 Creeehetemostgratuitously.
778 4201 824 4249 163
841 4218 943 4251 minum.
976 4219 1094 4253 ramnum
1105 4205 1197 4255 Lamb.
1210 4209 1259 4257 eto.
1362 4213 1412 4261 170

256 4283 300 4334 171
314 4282 370 4346 (175
382 4279 438 4342 116)
450 4277 545 4340 rightly
555 4278 665 4340 brought
675 4279 737 4329 here
748 4281 781 4342 by
793 4280 872 4329 Lech.
906 4282 996 4332 hamb.
1009 4287 1056 4344 put
1066 4285 1140 4335 them
1150 4286 1238 4337 before
1251 4289 1299 4339 176
1312 4290 1390 4355 (114).

289 4366 335 4416 170
352 4359 478 4412 1111111.
495 4359 602 4408 larda:
621 4375 781 4423 eneceasary
793 4360 898 4423 change.
999 4366 1045 4412 lea
1063 4368 1129 4416 divis
1145 4369 1270 4419 1111111111
1289 4375 1356 4423 ande
1374 4383 1412 4423 eet
