3092 4984
810 351 863 414 Ill

347 517 406 575 aut
427 509 571 573 animam
593 506 724 591 liquisse
735 529 744 586 ;
767 504 825 570 ubi
847 504 913 568 iam
935 502 1118 590 trepidatur
1139 511 1174 569 et
1196 526 1308 570 omnes

349 622 531 679 extremum
552 611 689 695 cupiunt
710 609 799 673 vitae
820 607 1074 694 repraehendere
1096 607 1247 673 vinclum.

349 723 580 801 conquassatur
601 713 689 777 enim
711 720 784 777 tum
806 733 899 776 mens
920 711 1112 796 animaeque
1135 719 1277 796 potestas
1352 712 1418 777 600

350 820 454 885 omnis
476 827 509 884 et
531 819 611 883 haec
633 817 703 902 ipso
726 838 801 881 cum
823 837 953 900 corpore
975 815 1211 894 conlabefiunt;

350 932 389 989 ut
409 922 536 1009 gravior
557 921 654 1007 paulo
675 920 778 1006 possit
800 918 972 983 dissolvere
994 939 1097 982 cansa

350 1029 429 1115 quid
452 1027 582 1093 dubitas
603 1025 736 1091 tandem
758 1024 839 1109 quin
861 1032 953 1088 extra
973 1022 1102 1109 prodita
1123 1044 1236 1107 corpus

352 1131 503 1196 inbecilla
523 1130 607 1195 foras
629 1129 664 1192 in
686 1135 808 1213 aperto,
830 1126 973 1210 tegmine
997 1124 1138 1210 dempto,

352 1256 417 1297 non
439 1231 534 1295 modo
556 1253 621 1296 non
643 1251 773 1294 omnem
795 1228 896 1313 possit
918 1227 1032 1292 durare
1054 1249 1114 1312 por
1135 1248 1256 1302 aevom,
1353 1227 1415 1306 605

352 1335 408 1400 sed
430 1334 602 1398 minimum
626 1333 761 1419 quodvis
783 1340 925 1417 nequeat
946 1332 1118 1395 consistere
1139 1334 1292 1417 tompusl

352 1460 412 1502 nec
434 1436 495 1501 sibi
518 1436 605 1500 enim
628 1435 800 1520 quisquam
823 1435 963 1499 moriens
984 1434 1102 1498 sentire
1125 1433 1254 1498 videtur

352 1543 399 1607 ire
420 1541 504 1607 foras
526 1539 885 1619 animam'incolumem
907 1537 948 1602 de
970 1560 1099 1623 corpore
1121 1546 1191 1602 toto

352 1667 412 1709 nec
432 1643 522 1730 prius
544 1642 585 1706 ad
608 1641 757 1727 iugulum
781 1650 815 1705 et
837 1663 953 1726 supera
974 1640 1143 1705 succedere
1166 1640 1281 1715 fauces,

351 1770 465 1812 verum
488 1746 622 1811 deficere
645 1746 680 1809 in
702 1753 790 1810 certa
812 1745 942 1830 regione
964 1745 1123 1823 locatam;
1353 1744 1420 1806 610

353 1861 391 1917 ut
412 1872 524 1916 sensus
546 1850 625 1914 alios
647 1849 681 1913 in
703 1850 789 1934 parti
812 1870 974 1933 quemque
996 1870 1055 1912 sua
1076 1848 1137 1912 scit

353 1952 493 2019 dissolui.
516 1952 602 2037 quod
624 1950 651 2015 si
674 1950 853 2014 inmortalis
875 1959 985 2014 nostra
1006 1950 1089 2041 foret
1110 1972 1210 2025 mens,

353 2078 418 2121 non
440 2065 509 2120 tam
532 2076 566 2118 se
588 2053 727 2117 moriens
749 2052 879 2116 dissolu·
901 2064 1160 2138 conquereretur,

351 2159 407 2223 scd
429 2156 532 2241 magis
556 2155 602 2219 ire
625 2155 708 2219 foras
729 2164 917 2241 vestemque
938 2158 1129 2243 relinquere,
1153 2164 1191 2221 ut
1213 2155 1333 2242 anguis

394 2260 544 2344 Denique
566 2281 623 2322 cur
644 2259 745 2323 animi
767 2282 947 2344 numquam
970 2282 1062 2324 mens
1084 2260 1317 2344 consiliumque
1354 2260 1416 2339 615

351 2363 496 2449 gignitur
517 2361 551 2425 in
570 2361 676 2447 capite
698 2371 756 2427 aut
779 2361 915 2446 pedibus
938 2362 1136 2439 manibusve,
1159 2360 1312 2426 sedunis

353 2467 482 2532 sedibus
505 2474 538 2530 et
560 2465 655 2529 certis
677 2466 817 2530 hominis
839 2465 1023 2551 regionibus
1046 2466 1166 2543 haeret,

353 2569 380 2633 si
402 2590 467 2633 non
489 2575 577 2632 certa
598 2568 668 2632 loca
689 2567 731 2632 ad
753 2570 952 2635 nascendum
974 2568 1103 2633 reddita
1124 2567 1241 2652 cuique

352 2681 437 2747 sunt,
462 2671 573 2736 stubi
599 2670 753 2757 quicquid
776 2673 874 2757 possit
898 2672 1013 2737 durare
1035 2681 1188 2749 creatum,

352 2784 451 2861 atque
473 2776 521 2839 ita
542 2775 742 2840 multimodis
764 2777 894 2861 partitis
916 2778 1051 2841 artubus
1073 2800 1150 2854 esse,
1354 2781 1422 2844 620

353 2880 570 2944 membrorum
593 2889 632 2945 ut
653 2903 833 2966 numquam
857 2881 975 2945 existat
997 2891 1222 2967 praeposterus
1244 2884 1342 2950 ordo?

351 3005 454 3068 usque
476 2983 556 3049 adeo
578 2985 725 3069 sequitur
745 3008 797 3050 res
818 3008 886 3049 rem
909 3009 1015 3071 neque
1037 2987 1169 3051 flamma
1190 2990 1290 3053 creari

353 3086 542 3152 fluminibus
565 3089 689 3153 solitast
712 3111 818 3175 neque
840 3090 875 3153 iu
897 3089 966 3174 igni
987 3088 1113 3175 gignier
1134 3091 1230 3176 algor.

397 3189 568 3254 Praeterea
589 3191 617 3255 si
639 3192 819 3257 inmortalis
841 3200 959 3257 natura
980 3193 1130 3257 animaist

354 3303 388 3359 ct
410 3294 529 3358 sentire
551 3304 658 3380 potest
682 3308 805 3362 secreta
827 3319 847 3361 a
868 3319 997 3382 corpore
1019 3307 1136 3376 nostro,
1355 3300 1416 3381 625

353 3396 505 3481 quinque,
529 3405 567 3460 ut
589 3398 711 3483 opinor,
736 3421 808 3463 eam
831 3398 1020 3462 faciundum
1042 3408 1092 3463 est
1111 3400 1256 3465 sensibus
1276 3410 1421 3482 auctam3

352 3521 411 3563 nec
434 3499 559 3563 ratione
581 3501 645 3565 alia
666 3511 796 3567 nosmet
818 3524 995 3587 proponere
1017 3502 1109 3566 nobis

352 3623 520 3686 possumus
542 3603 683 3669 infernas
705 3606 830 3669 animas
852 3606 1039 3670 Acherunte
1061 3606 1178 3690 vagari.

351 3703 489 3787 pictores
511 3704 621 3788 itaque
645 3715 678 3771 et
701 3707 892 3793 scriptorum
914 3708 1019 3772 saecla
1040 3708 1146 3792 priora

350 3803 395 3867 sic
418 3805 542 3869 animas
565 3806 650 3872 intro
672 3807 836 3875 duxerunt
858 3811 1004 3876 sensibus
1026 3820 1144 3876 auctas.
1354 3815 1421 3895 630

349 3914 384 3969 at
406 3928 512 3991 neque
534 3931 657 3974 sorsum
679 3912 762 3975 oculi
786 3935 891 3998 neque
914 3938 1007 3979 nares
1029 3938 1088 3980 nec
1111 3938 1226 3980 manus
1248 3917 1319 4002 ipsa

265 4085 357 4119 emona
458 4073 505 4123 617
522 4077 595 4123 certis
613 4077 718 4125 hominis
734 4082 874 4140 ropionibus
891 4083 974 4130 haeret
988 4082 1037 4131 Ed.
1050 4083 1090 4131 lor
1100 4086 1173 4132 emis
1187 4085 1327 4143 regionibus
1342 4087 1420 4132 omni·

262 4154 307 4201 huc
319 4153 414 4200 haeret:
433 4152 478 4202 the
494 4156 543 4203 two
554 4157 636 4206 words
648 4159 724 4219 being
739 4176 768 4208 so
785 4162 855 4210 often
873 4165 1044 4214 conlonnrled.
1094 4182 1116 4215 c.
1129 4167 1264 4227 repionr‘hn'
1274 4168 1382 4227 μεωνίε
1395 4168 1420 4214 h.

261 4232 341 4283 Lech.
385 4248 439 4283 cr.
457 4238 536 4285 omnir
554 4240 664 4288 inhaeret
681 4240 772 4290 anb.
872 4246 920 4293 620
933 4248 1130 4307 paruissem.
1149 4249 1188 4297 for
1201 4263 1249 4310 pro
1265 4250 1331 4294 totis.
1364 4264 1421 4309 per·

255 4315 424 4378 sectisLach.
524 4319 571 4368 623
588 4323 664 4369 solitu
682 4337 757 4383 neque
773 4326 868 4384 insipat
882 4326 934 4375 ΑΒ.
964 4329 1141 4389 inipntNieo.
1168 4329 1420 4379 solimatFlor.31

260 4397 349 4447 (lamb.
361 4397 437 4447 Pont.
449 4397 513 4448 Mar.
613 4402 661 4450 624
677 4404 700 4450 ri
714 4405 860 4453 immortalis
876 4406 946 4457 Nico.
960 4407 1165 4459 forsiuurtalr's.
1265 4410 1313 4459 628
1329 4415 1421 4473 caffari
