3092 4984
362 390 421 447 aut
444 403 514 448 esse
537 380 723 446 admixtum
746 379 958 447 dicundumst
980 380 1078 449 rebus
1100 380 1199 446 inane

363 484 452 550 unde
473 483 596 568 initum
618 484 761 570 primum
785 484 893 569 capiat
915 506 967 551 res
991 506 1141 570 quaeque
1162 484 1323 551 movendi

362 596 524 675 postrerm
547 587 612 653 duo
633 588 676 655 de
697 610 853 652 concursu
875 610 1008 673 corpora
1028 589 1097 653 leta

362 692 390 757 si
411 691 478 756 citu
500 690 671 768 dissiliant,
693 713 813 776 nempe
836 713 892 756 cer
915 713 1012 757 omne
1034 700 1204 770 necessest,
1376 696 1440 776 385

363 795 450 859 inter
472 816 605 880 corpora
627 793 715 879 quod
740 794 806 871 fiat,
830 794 975 880 possidat
997 795 1102 862 inane

362 898 390 962 is
414 920 508 984 porro
530 897 679 984 quemvis
700 896 822 962 cneum
841 897 1057 963 celerantibus
1078 898 1166 963 auris

362 1001 513 1077 confluat,
534 1000 623 1065 houd
645 999 765 1086 poterit
788 1009 900 1064 tumen
923 1023 990 1065 uno
1012 1009 1159 1087 ternpore
1180 1010 1289 1069 totum

362 1104 516 1189 compleri
539 1103 703 1189 spatium
726 1125 805 1168 nem
826 1103 970 1188 primum
993 1126 1157 1189 quemque
1179 1114 1340 1171 neceoeest

363 1217 497 1295 occupet
517 1208 574 1274 ille
595 1208 711 1285 locum,
735 1207 855 1273 deinde
878 1207 988 1273 omnia
1010 1208 1244 1293 possideantur.
1375 1227 1446 1294 390

362 1311 449 1399 quod
471 1311 500 1376 si
521 1311 605 1376 forte
628 1311 755 1396 uliquis,
779 1333 855 1375 cum
877 1333 1010 1397 corpora
1030 1311 1208 1393 dissiluere,
1321 1357 1328 1367 ·

362 1426 434 1481 tum
457 1422 554 1500 putot
577 1413 612 1479 id
635 1414 705 1479 fieri
728 1414 808 1499 quic
830 1436 865 1478 se
888 1414 1084 1480 condenseat
1107 1437 1171 1491 cer,

361 1526 465 1599 enet3
488 1539 567 1582 nem
588 1539 728 1583 vacuum
751 1525 826 1582 tum
850 1517 889 1582 fit
912 1517 999 1602 quod
1021 1540 1088 1584 non
1109 1518 1173 1584 fuit
1196 1527 1275 1585 ante

361 1630 395 1688 et
417 1622 563 1708 repletur
584 1620 666 1685 item
686 1640 828 1685 vacuum
852 1620 940 1706 quod
964 1621 1112 1704 constitit
1133 1630 1219 1702 ente,

362 1747 422 1791 nec
443 1724 504 1790 tuli
524 1723 650 1823 radone
671 1731 782 1808 potest
802 1723 967 1789 denserier
986 1747 1051 1801 cer,
1375 1743 1440 1810 395

362 1849 430 1903 neo,
452 1827 481 1891 si
501 1826 569 1891 iem
590 1832 706 1910 posset,
729 1825 799 1889 sine
822 1825 913 1890 inani
933 1835 1050 1911 posset,
1074 1827 1196 1913 opinor,

361 1931 430 2017 ipse
452 1930 488 1994 in
509 1952 543 1994 se
565 1928 693 1994 trahere
715 1937 749 1994 et
770 1929 873 2014 partis
894 1931 1071 2029 conducere
1093 1932 1129 1996 in
1151 1954 1263 1997 unuin

406 2035 621 2127 Quapppter,
642 2033 791 2118 quamvis
813 2034 975 2122 carpendo
997 2036 1105 2101 mults
1125 2037 1269 2118 moreris,

363 2160 431 2203 esse
454 2138 489 2201 in
510 2139 607 2203 rebus
628 2139 725 2204 inem
746 2148 859 2205 tumen
880 2140 1002 2206 fateare
1024 2153 1192 2209 necessest

362 2241 531 2326 multaque
552 2252 722 2327 praetereo
742 2243 805 2308 tibi
826 2266 959 2329 possum
981 2246 1262 2313 commemorando

360 2351 552 2427 argumente
573 2344 670 2408 fidem
692 2344 788 2409 dictis
809 2347 982 2412 comedere
1004 2350 1133 2421 nostris

360 2466 472 2510 verum
494 2446 604 2511 animo
626 2447 704 2511 sutis
725 2447 806 2512 hoec
828 2448 966 2535 vestigia
986 2473 1088 2536 parva
1108 2453 1214 2539 sagaci

360 2556 436 2613 sunt
457 2570 517 2634 per
537 2571 623 2633 quse
645 2551 747 2636 possis
769 2573 960 2636 cognoscere
982 2564 1091 2620 cetera
1111 2566 1192 2623 tute

359 2673 500 2736 namque
520 2673 617 2719 eones
638 2663 678 2719 ut
699 2655 906 2741 montivagae
928 2680 1082 2745 persaepe
1104 2660 1184 2725 ferai

359 2754 491 2819 neribus
512 2755 686 2831 inveniunt
707 2758 847 2823 intectos
868 2760 981 2825 fronde
1002 2763 1138 2847 quietes,
1167 2804 1191 2819 ι.
1371 2784 1441 2852 405

359 2881 433 2924 cnm
454 2859 556 2925 semel
576 2860 768 2928 institerunt
791 2864 929 2950 vestigia
950 2875 1040 2932 certe
1061 2868 1135 2947 riui,

360 2962 406 3026 sic
427 2961 494 3026 ulid
514 2983 556 3027 ex
577 2963 642 3028 clio
664 2987 722 3050 per
743 2973 778 3031 te
800 2973 874 3032 tute
896 2967 966 3054 ipse
987 2970 1097 3037 videre

360 3064 481 3129 talibus
501 3065 538 3130 in
558 3068 656 3133 rebus
676 3068 798 3154 poteris
819 3091 996 3157 coccusque
1016 3074 1156 3141 latebras

361 3168 525 3237 insinuare
546 3171 651 3237 omnis
672 3181 707 3237 et
728 3195 843 3238 verum
864 3176 1053 3260 protrahere
1074 3178 1161 3244 inde.

363 3272 497 3357 quodsi
519 3273 653 3359 pigraris
673 3276 849 3361 paulumve
870 3280 1037 3345 recesseris
1059 3281 1101 3345 ab
1123 3305 1167 3359 re,
1369 3306 1444 3369 410

363 3376 424 3441 hoc
444 3377 507 3441 tibi
526 3377 684 3469 ‹1er
706 3403 837 3465 possum
858 3384 1056 3468 promittere,
1080 3385 1236 3455 Memmi:

362 3480 566 3563 usqueadeo
587 3481 692 3567 largos
713 3485 849 3549 haustus
870 3507 889 3550 e
911 3486 1047 3552 fontibu'
1069 3490 1196 3575 mugnis

360 3580 473 3665 lingue
493 3604 566 3647 meo
587 3585 695 3649 suevis
717 3586 779 3651 diti
803 3588 845 3653 de
866 3598 996 3674 pectore
1017 3592 1146 3683 fundet,

273 3784 346 3836 Ναὶ
357 3785 439 3836 Lech.
448 3789 498 3838 etc
509 3788 664 3841 retuinwith
674 3791 705 3851 A,
716 3792 761 3843 the
772 3793 833 3843 Itul.
845 3795 898 3845 und
909 3796 998 3847 cumb.
1010 3812 1072 3848 mss.
1171 3798 1220 3848 334
1231 3814 1351 3850 corum
1359 3801 1440 3855 Gott

274 3882 299 3929 p.
310 3882 346 3917 m.
357 3868 428 3919 Flcr.
440 3872 474 3920 33
484 3885 547 3920 corr.
558 3872 599 3930 31,
617 3873 693 3923 Pont.
705 3874 772 3925 Mur.
784 3877 859 3926 lunt
871 3878 1049 3930 lorcmucurco.
1141 3881 1190 3931 333
1207 3897 1335 3945 munique.
1358 3900 1441 3947 qum-

274 3963 319 4011 que
330 3948 405 3998 Pont.
417 3949 483 4000 Mur.
494 3951 575 4001 Aldl
586 3952 661 4002 lunt.
673 3954 714 4004 lor
724 3958 840 4020 quotque.
943 3961 992 4010 8⁹5
1010 3962 1135 4011 &uerter
1148 3962 1172 4011 A
1186 3976 1251 4011 corr.
1266 3962 1337 4012 Flcr.
1349 3966 1382 4013 31
1397 3968 1442 4018 ior

274 4031 450 4082 emmer.
548 4034 598 4084 404
609 4036 680 4098 serat
692 4038 763 4088 Nico.
774 4040 846 4091 Flor.
856 4041 888 4091 31
900 4041 991 4093 Cumb.
1003 4046 1051 4094 etc.
1063 4044 1203 4107 torsercre.
1210 4046 1325 4108 serm
1336 4046 1441 4101 Accu.

306 4112 354 4160 411
371 4113 400 4161 de
407 4115 487 4176 plone
497 4113 567 4165 Flcr.
579 4117 612 4166 31
623 4117 688 4169 Mur.
704 4120 779 4170 lunt.
795 4123 835 4172 lor
849 4125 963 4187 deptcno.
1029 4126 1078 4175 412
1094 4130 1191 4188 mecm
1202 4127 1225 4177 A
1235 4141 1301 4176 corr.
1313 4127 1388 4178 Nice.
1402 4132 1443 4182 all

276 4192 393 4243 lheItuL
409 4194 499 4246 emh.
515 4199 564 4247 etc.
581 4197 623 4249 tor
638 4203 776 4263 mapnoecl
791 4204 815 4253 A
830 4218 904 4266 pm.
937 4206 1054 4256 onmesB
1070 4207 1122 4257 und
1137 4209 1209 4260 Gott
1226 4210 1346 4262 undulso
1361 4227 1442 4266 nme

275 4276 393 4337 Acori.;
420 4276 633 4331 uhencchntl.
657 4281 1304 4354 undBemrecdlcmtstcwtcse.s.mis.
1326 4295 1442 4361 making
