3092 4984
824 319 861 385 II

280 521 285 532 -
348 500 466 564 magno
490 498 585 563 opere
608 499 629 542 o
651 498 728 542 vero
749 476 833 562 lapsi
855 475 981 542 ratione
1004 476 1165 543 videntur.

349 606 426 648 nam
449 582 596 668 quemvis
619 603 728 647 rerum
751 582 897 667 ignorem
920 580 1097 667 primordia
1121 604 1205 668 quoe
1230 583 1303 660 sint,

272 750 274 753 .
349 687 409 752 hoo
434 695 546 752 tomen
572 709 612 752 ex
637 687 715 772 ipsis
741 686 821 751 coeli
844 687 1023 752 rationibus
1046 686 1152 751 ausim

349 792 537 856 confirmare
561 791 697 877 aliisque
720 813 761 856 ex
786 791 882 856 rebus
906 790 1039 855 reddere
1064 791 1185 870 multis,

350 918 555 981 nequaquam
579 897 671 962 nobis
694 896 852 961 divinitus
876 918 945 960 esse
971 904 1114 960 orestem
1357 898 1423 960 180

350 1008 501 1064 naturam
525 1000 654 1064 mundi:
681 1008 773 1066 tuoto
798 1008 864 1065 stat
888 998 1035 1084 praedito
1057 998 1159 1083 eulpa

350 1124 434 1187 quae
455 1103 518 1168 tibi
542 1103 710 1189 posterius,
735 1102 879 1181 Memmi,
896 1103 1049 1167 faciemus
1075 1110 1196 1188 aperte

351 1225 438 1268 nuno
463 1202 497 1268 id
520 1203 607 1288 quod
632 1211 779 1288 superest
805 1202 846 1267 de
870 1202 1014 1267 motibus
1040 1201 1276 1288 expediemus]

394 1307 492 1372 Nuno
514 1308 602 1372 loeus
627 1317 684 1385 est,
710 1317 749 1372 ut
772 1307 893 1392 opinor,
917 1307 952 1370 in
977 1306 1028 1371 his
1051 1306 1133 1372 illud
1156 1327 1284 1393 quoque
1307 1306 1407 1371 rebus

350 1410 539 1475 confirmare
564 1409 633 1487 tibi,
657 1410 781 1475 nullom
803 1432 873 1474 rem
898 1431 990 1495 posse
1013 1432 1072 1475 sus
1094 1411 1129 1474 vi
1359 1413 1417 1491 185

351 1536 534 1599 corpoream
558 1536 685 1579 sursum
707 1514 783 1579 ferri
806 1536 997 1601 sursumque
1020 1536 1143 1594 meare3

351 1639 392 1681 ne
416 1616 477 1682 tibi
502 1617 582 1683 dent
606 1617 642 1680 in
664 1638 702 1682 eo
725 1617 932 1683 flammarum
953 1641 1084 1704 oorporo
1106 1618 1261 1703 frondem.

352 1742 461 1785 sursus
487 1720 574 1785 enim
596 1742 707 1784 versus
732 1721 912 1806 gignuntur
936 1730 970 1787 et
988 1722 1144 1807 augmina
1168 1730 1303 1788 sumunt

352 1833 386 1889 et
409 1823 685 1888 sursumnitidee
708 1823 817 1908 fruges
840 1824 1037 1910 arbustaque
1060 1833 1215 1903 creseunt

352 1928 501 2015 pondere
524 1936 685 2014 qnantum
704 1927 739 1991 in
759 1949 794 1993 se
809 1937 867 2005 est,
883 1951 957 1994 oum
972 1929 1121 1995 deorsum
1136 1937 1252 1995 cuneta
1265 1929 1420 1995 feruntur.

352 2055 412 2097 neo
435 2054 510 2097 cum
536 2031 710 2096 suiuiliunt
733 2030 825 2116 ignes
849 2031 890 2096 od
914 2040 1002 2097 teoto
1025 2032 1195 2098 domorum
1359 2051 1417 2117 191

275 2172 284 2189 ·
352 2148 386 2205 et
410 2138 505 2204 celeri
527 2138 659 2202 flammo
683 2138 858 2224 degustant
879 2138 973 2224 tigne
995 2140 1176 2225 trabesque,

352 2250 467 2329 sponte
491 2264 550 2307 sus
574 2241 679 2306 faeere
701 2240 735 2305 id
759 2242 882 2306 sineri
907 2241 1079 2327 subigente
1104 2243 1288 2329 putandum
1313 2252 1371 2307 est

353 2345 439 2431 quod
461 2365 564 2429 genus
585 2365 604 2408 e
625 2351 734 2408 nostro
756 2366 855 2430 quom
876 2344 993 2409 missus
1015 2368 1144 2432 corpore
1166 2347 1296 2434 sanguis

353 2448 471 2514 emicet
493 2448 642 2512 exultans
664 2448 730 2513 slte
751 2448 937 2536 spargitque
959 2473 1112 2518 cruorem
1361 2466 1419 2536 195

353 2574 460 2617 nonne
482 2553 571 2617 vides
593 2552 693 2616 etiam
715 2561 839 2639 quanta
859 2554 892 2618 vi
913 2554 1007 2640 tigno
1027 2556 1199 2642 trabesque

353 2661 485 2739 respuet
506 2677 599 2721 umor
620 2661 742 2741 oquae?
762 2679 840 2722 nom
862 2680 927 2743 quo
948 2659 1051 2745 magis
1073 2660 1213 2726 ursimus
1234 2660 1300 2725 olto

354 2757 479 2822 deiecto
501 2765 535 2822 et
556 2779 674 2843 magna
694 2758 729 2823 vi
749 2760 847 2825 multi
868 2762 1043 2846 pressimus
1065 2785 1167 2848 aegre,

352 2870 422 2925 tam
443 2859 559 2946 cupide
581 2882 708 2925 sursum
728 2864 867 2928 revomit
889 2864 991 2949 magis
1013 2873 1112 2950 atque
1134 2865 1282 2941 remittit,

353 2965 426 3050 plus
447 2971 486 3028 ut
507 2970 600 3049 porte
623 2964 705 3028 foras
728 2974 895 3051 emergant
917 2967 1124 3053 exiliuntque
1359 2984 1427 3033 200

353 3088 414 3132 neo
435 3074 547 3131 tamen
568 3065 655 3144 hoec,
679 3075 840 3151 quantum
862 3076 912 3133 est
934 3068 969 3133 in
991 3091 1033 3146 se,
1056 3070 1252 3147 dubitamus,
1275 3070 1398 3157 opinor,

352 3169 432 3255 quin
453 3191 591 3233 vacuum
612 3191 671 3254 per
692 3169 788 3233 inane
810 3170 959 3234 deorsum
981 3180 1097 3237 cuncta
1118 3172 1268 3237 ferantur.

353 3274 398 3339 sio
419 3273 519 3360 igitur
541 3272 662 3339 debent
683 3271 833 3336 flammae
856 3294 984 3359 quoque
1005 3295 1098 3360 posse
1119 3297 1178 3359 per
1198 3297 1292 3340 sures

266 3479 333 3530 hoen
343 3480 421 3529 muoh
432 3479 566 3542 tompored
575 3479 638 3529 with
653 3478 682 3529 in
696 3478 821 3541 thornig.
837 3478 891 3529 eds.
903 3478 1012 3529 without
1023 3495 1074 3542 any
1084 3494 1186 3530 resson.
1285 3479 1332 3529 181
1351 3485 1427 3529 tomo

266 3567 318 3609 etot
333 3562 453 3622 praedita
472 3560 563 3617 Imoh..
580 3575 609 3610 os
627 3561 655 3609 in
674 3560 720 3611 the
736 3560 875 3623 repetition
886 3574 903 3608 v
915 3561 970 3619 199,
989 3562 1029 3610 ior
1046 3576 1196 3624 quamquam
1212 3561 1324 3623 prodito.
1358 3576 1426 3623 quoe

268 3647 341 3688 tuoto
357 3648 394 3688 est
409 3643 528 3702 praedita
546 3641 620 3689 Pont.
641 3641 715 3689 June.
731 3642 817 3703 vulgo,
833 3641 917 3691 which
935 3656 996 3704 moy
1014 3641 1047 3691 bs
1064 3641 1142 3703 right.
1175 3640 1249 3689 Wok.
1268 3640 1361 3702 adopts
1378 3640 1427 3691 tho

266 3718 450 3781 interpolation
471 3721 499 3769 oi
519 3719 591 3770 Nioo.
614 3737 763 3783 quemquam
785 3723 845 3770 boec
867 3725 918 3771 sim
936 3724 1066 3785 praedito,
1088 3721 1141 3770 ond
1162 3720 1233 3784 gives
1254 3735 1271 3771 o
1291 3720 1426 3771 ludionous

268 3800 433 3861 explanation
443 3801 511 3851 orit.
611 3803 1131 3865 187sroudem.srudemB:seev1187.
1231 3805 1278 3855 188
1294 3806 1427 3865 retinente

266 3879 359 3930 bamb.
378 3882 474 3932 Creooh
492 3883 573 3933 boob.
590 3884 631 3934 ior
645 3886 767 3935 emnem.
809 3888 927 3936 wemno
949 3889 1027 3938 Bern.
1044 3887 1129 3938 which
1150 3887 1174 3937 is
1195 3887 1288 3950 hardly
1308 3902 1337 3937 so
1360 3903 1427 3938 neor

268 3962 314 4012 the
333 3976 383 4012 ms.
402 3964 519 4027 reading:
546 3980 588 4016 seo
612 3965 716 4028 Madvig
739 3966 841 4017 emend.
864 3968 923 4017 Liv.
948 3985 974 4032 p.
994 3972 1052 4019 210.
1151 3971 1200 4021 194
1217 3972 1289 4032 Quod
1310 3985 1389 4031 pense
1413 3986 1427 4020 e

267 4052 358 4095 nostro.
393 4047 466 4107 Quod
480 4062 559 4109 peneto
576 4055 613 4097 ert
630 4048 710 4097 Looh.
728 4048 810 4111 justly
820 4048 925 4099 blamed
941 4051 975 4113 by
986 4051 1090 4115 Madvig
1106 4052 1165 4102 Lot.
1182 4067 1262 4115 grem.
1277 4051 1318 4101 od
1330 4054 1346 4100 3
1358 4066 1384 4114 p.
1397 4066 1428 4103 1¹

268 4128 309 4179 ror
323 4129 369 4180 the
379 4145 435 4194 wey
445 4128 473 4180 in
483 4130 568 4182 whioh
582 4132 616 4181 ho
629 4132 700 4183 deols
711 4132 773 4182 with
789 4134 856 4195 quod
868 4149 945 4194 penus
960 4133 1022 4184 hore
1033 4136 1085 4184 end
1096 4135 1125 4184 in
1135 4135 1211 4185 other
1221 4136 1315 4198 plooes.
1350 4150 1429 4198 quom

269 4212 340 4262 Nioo.
360 4228 413 4263 eom
430 4214 453 4263 A
470 4213 550 4264 Looh.
568 4229 624 4264 oum
640 4214 672 4264 Β.
771 4216 819 4266 187
840 4218 957 4264 ursimru.
984 4219 1096 4278 uryimue
1115 4217 1138 4265 A
1156 4230 1220 4266 oorr.
1240 4216 1312 4265 Nioo.
1332 4215 1427 4266 Cumb.

302 4297 353 4344 otte
371 4294 441 4345 Flor.
454 4297 486 4345 81
502 4294 542 4344 tor
559 4296 623 4344 altu.
717 4295 766 4347 188
783 4297 881 4345 deiecto
898 4296 979 4347 Lsoh.
996 4297 1037 4346 tor
1052 4298 1160 4347 derecto.
1255 4298 1303 4349 188
1319 4299 1429 4347 revomit

269 4376 345 4427 Pont.
365 4376 475 4442 Nougor.
493 4378 533 4428 ior
550 4384 666 4428 removet.
771 4379 820 4428 888
843 4379 932 4429 dotem
944 4381 1063 4443 flammae
1079 4393 1175 4444 quoque
1191 4378 1275 4429 elul
1292 4378 1367 4429 June.
1385 4378 1429 4428 tor
