3092 4984
792 323 841 391 lv

326 487 385 547 eut
406 476 442 544 in
463 476 635 544 materiem
656 474 738 563 ligni
758 474 916 562 pervenit,
939 475 986 541 ibi
1008 472 1076 542 iarn
1102 528 1108 539 .

326 583 484 650 scinditur
504 589 543 647 ut
564 582 692 647 nullum
714 581 922 647 simulacrum
943 582 1078 649 reddere
1099 577 1210 668 possit

326 697 362 754 et
383 709 459 753 cum
480 685 650 773 splendida
671 708 755 771 quee
778 693 928 751 constant
949 694 1085 772 opposta
1106 685 1240 751 fuerunt
1340 699 1401 767 150

327 790 499 876 densaque,
521 798 560 854 ut
581 789 616 854 in
637 789 751 876 primis
773 789 941 874 speculum
964 798 1022 865 est,
1045 788 1093 853 nil
1114 788 1231 854 eccidit
1252 789 1388 869 horum3

326 916 404 959 nam
427 915 542 979 neque,
565 893 616 958 uti
638 893 769 969 vitrum,
792 892 877 976 potis
899 901 950 957 est
971 892 1116 968 transire,
1139 914 1245 978 neque
1267 899 1376 957 eutem

327 996 430 1062 scindi
441 1020 449 1077 3
473 1018 572 1081 quarn
593 995 746 1060 meminit
766 995 856 1059 levor
876 1002 1041 1079 preestare
1063 995 1211 1062 salutem.

328 1107 525 1186 quapropter
546 1098 585 1162 fit
609 1106 649 1162 ut
672 1098 748 1162 hinc
770 1097 863 1163 nobis
885 1096 1057 1161 simulacra
1078 1096 1270 1165 redundent

328 1213 363 1270 et
384 1204 532 1290 quamvis
554 1204 662 1269 subito
684 1203 798 1289 quovis
820 1202 855 1266 in
878 1211 1025 1288 tempore
1047 1224 1211 1288 quamque
1340 1216 1398 1284 155

327 1329 398 1373 rem
419 1314 532 1371 contre
553 1305 720 1392 speculum
741 1327 850 1392 ponas,
874 1313 1010 1391 apparet
1031 1305 1140 1389 imago
1151 1329 1160 1386 ;

327 1419 486 1498 perpetuo
508 1411 608 1475 fluere
630 1419 669 1476 ut
691 1432 803 1475 noscas
826 1432 844 1475 e
866 1430 997 1495 corpore
1019 1431 1147 1474 summo

328 1524 476 1580 texturas
497 1535 607 1579 rerum
628 1514 737 1579 tenuis
759 1514 933 1600 tenuisque
954 1515 1082 1600 figures

330 1641 405 1707 ergo
428 1620 533 1685 multa
554 1620 645 1685 brevi
666 1619 772 1706 spatio
794 1619 966 1684 simulacra
987 1626 1161 1706 genuntur,

329 1731 369 1788 ut
389 1722 507 1788 merito
528 1722 613 1787 celer
633 1721 684 1788 his
706 1723 804 1787 rebus
825 1721 952 1787 dicetur
973 1722 1073 1809 origo.
1341 1723 1403 1789 160

329 1838 365 1895 et
387 1828 479 1914 quasi
500 1828 605 1893 multa
626 1828 717 1894 brevi
738 1827 844 1914 spatio
866 1828 1071 1893 summittere
1093 1826 1192 1895 debet

329 1933 456 1999 lumina
476 1934 524 2000 sol
545 1943 585 1999 ut
605 1942 764 2020 perpetuo
786 1932 853 1998 sint
874 1933 985 1999 omnia
1004 1932 1112 2021 plena,

329 2037 377 2103 sio
398 2036 440 2102 ab
461 2036 557 2102 rebus
579 2037 659 2102 item
682 2035 782 2102 simili
803 2035 928 2101 ratione
950 2045 1112 2102 necessest

330 2140 486 2228 temporis
507 2142 543 2206 in
564 2150 686 2228 puncto
707 2163 817 2207 rerum
839 2141 1011 2206 simulacre
1033 2141 1180 2207 ferantur

330 2244 437 2308 multe
459 2243 563 2309 modis
586 2244 699 2309 multis
722 2243 758 2307 in
781 2251 914 2309 cunctas
937 2243 1083 2330 undique
1106 2244 1228 2330 pertis3
1343 2243 1400 2326 165
1502 2276 1504 2281 >

331 2347 594 2433 quandoquidem
619 2348 787 2433 speculum
811 2369 1015 2435 quocumque
1041 2350 1240 2416 obvertimus
1263 2349 1335 2427 oris,

331 2474 383 2518 res
406 2452 453 2518 ibi
475 2450 673 2538 respondent
696 2453 795 2518 simili
819 2453 923 2519 forme
945 2462 1045 2540 atque
1068 2455 1181 2522 colore.

375 2555 546 2621 Praeterea
569 2555 664 2620 modo
688 2578 762 2621 oum
787 2556 887 2622 fuerit
909 2555 1125 2641 liquidissime
1139 2554 1232 2623 -caeli

332 2664 518 2743 tempestas,
541 2679 699 2744 perquam
725 2657 835 2724 subito
857 2658 897 2724 fit
920 2658 1052 2724 turbide
1074 2659 1178 2742 foede,

332 2759 478 2845 undique
502 2759 553 2825 uti
576 2760 727 2826 tenebras
750 2760 856 2826 omnis
880 2761 1072 2827 Acherunta
1094 2763 1194 2828 rearis
1343 2777 1406 2846 170

333 2862 465 2947 liquisse
488 2869 522 2928 et
547 2885 681 2949 magnas
705 2863 787 2929 oeeli
810 2863 987 2949 complesse
1013 2886 1174 2932 cavernas.

333 2967 540 3054 usqueadeo
563 2976 671 3033 taetre
692 2968 880 3034 nimborum
902 2978 998 3035 noete
1021 2976 1132 3034 coorte

333 3071 513 3159 inpendent
535 3081 625 3139 etree
648 3073 830 3139 formidinis
853 3095 910 3139 ora
932 3094 1093 3158 superne3

334 3199 472 3265 quorum
496 3178 655 3264 quantula
676 3200 752 3265 pers
772 3179 817 3244 sit
839 3178 947 3264 imego
970 3177 1076 3244 dicere
1099 3183 1227 3243 nemost
1307 3252 1310 3257 .

334 3282 392 3368 qui
414 3282 646 3367 possitneque
670 3302 744 3347 eem
769 3280 930 3346 rationem
953 3280 1087 3346 reddere
1110 3280 1213 3346 dictis
1343 3293 1400 3362 175

377 3383 475 3450 Nunc
497 3405 566 3470 age,
591 3405 691 3470 quam
714 3383 810 3448 celeri
833 3390 926 3448 motu
949 3382 1122 3448 simulacre
1143 3382 1289 3448 ferantur

331 3492 367 3554 et
389 3509 473 3572 quae
495 3487 658 3553 mobilitas
681 3487 753 3552 ollis
776 3486 983 3552 tranantibus
1006 3507 1101 3551 suras

333 3588 462 3654 reddite
483 3589 535 3669 sit,
558 3589 654 3676 longo
680 3590 786 3676 spatio
809 3598 849 3655 ut
874 3589 981 3656 brevis
1004 3588 1085 3654 hore
1109 3596 1244 3667 teretur,

334 3691 370 3757 in
393 3714 492 3779 quern
516 3715 664 3781 quaeque
688 3694 797 3760 locum
821 3693 945 3760 diverso
968 3693 1105 3759 numine
1128 3691 1278 3771 tendunt,

246 3883 350 3947 strange
365 3882 468 3935 neither
485 3884 578 3938 hamb.
593 3901 642 3938 nor
656 3887 737 3940 lach.
756 3887 852 3942 should
870 3889 938 3942 have
955 3889 1045 3942 mede:
1062 3888 1154 3942 hamb.
1173 3887 1268 3941 indeed
1284 3902 1343 3941 sees
1358 3887 1405 3942 the

246 3963 373 4028 difficulty
382 3964 501 4016 involved
511 3965 804 4028 meeum,1aoh.doea
814 3974 875 4022 not:
887 3986 971 4036 oomp.
981 3973 1038 4023 601.
1137 3973 1185 4023 151
1198 3973 1266 4036 potis
1277 3978 1314 4022 eet
1324 3969 1405 4022 Iech.

246 4047 286 4099 lor
298 4056 409 4111 parem.
443 4057 533 4101 eoum.
546 4058 604 4101 om
616 4052 686 4103 Mon.
698 4053 763 4104 Van.
775 4053 828 4105 and
842 4053 925 4106 hence
940 4056 1036 4106 Aveno.
1048 4054 1122 4105 Jnnt.
1134 4055 1187 4106 and
1201 4055 1237 4105 all
1252 4052 1305 4105 eda.
1317 4052 1405 4104 betore

245 4128 326 4181 Lech.
425 4131 472 4183 159
486 4139 613 4194 amenter
622 4132 713 4184 hamb.
724 4134 907 4198 torrentesut:
923 4135 985 4188 here
995 4139 1040 4187 too
1050 4150 1066 4186 e
1076 4150 1212 4200 necessary
1222 4134 1372 4186 oorreotion.

281 4211 329 4263 167
344 4210 394 4260 Res
407 4212 445 4261 iti
456 4211 541 4263 hand
557 4215 626 4263 most
642 4228 706 4263 mae.
718 4215 771 4266 end
785 4215 840 4266 eds.
873 4217 924 4267 Rea
937 4219 988 4268 eccs
998 4217 1022 4267 B
1034 4217 1124 4268 camb.
1140 4216 1206 4269 ven
1222 4215 1308 4265 vhioh
1323 4214 1404 4267 Iech.

248 4289 338 4342 thinks
349 4290 439 4343 ‘unice
449 4292 557 4344 verum’.
589 4292 640 4343 se
650 4294 698 4344 titt
709 4293 762 4344 Gis.
862 4295 911 4347 lvs
926 4303 1024 4349 teram
1033 4296 1110 4347 Pont.
1120 4296 1195 4347 sunt.
1206 4298 1276 4346 most
1286 4295 1406 4360 properly

249 4374 405 4440 torserater.
504 4374 551 4427 lre
568 4375 673 4427 maort
683 4374 774 4428 hamb.
786 4375 827 4428 lor
838 4378 928 4430 uadit.
954 4377 1033 4432 Inch.
1045 4381 1109 4445 puts
1118 4378 1174 4433 this
1184 4393 1258 4432 verre
1268 4379 1336 4431 atter
1346 4380 1403 4437 175,
