3092 4984
825 303 855 368 V

347 455 424 523 inde
446 455 545 522 aliam
566 463 666 543 atque
687 455 787 521 aliam
808 456 970 524 orituram
990 459 1095 527 dulcis
1116 463 1213 549 agelli

347 562 554 648 temptabant
574 561 764 647 fructusque
785 561 870 628 seros
890 572 1113 632 mansuescere
1135 575 1256 634 terrena

347 665 523 732 cernebant
544 666 743 752 indulgendo
764 666 949 752 blandeque
970 668 1113 735 colendo.

347 769 447 856 inque
469 769 538 835 dies
559 769 663 856 magis
684 769 720 834 in
741 777 888 835 montem
910 770 1079 838 succedam
1102 773 1199 839 silvas

347 873 506 958 cogebant
527 873 675 959 infraque
696 872 804 938 locum
826 873 1000 939 concedere
1021 873 1127 954 cultis,

347 986 442 1063 prata
461 978 550 1043 lacus
571 976 656 1042 rivos
677 986 804 1063 segetes
824 977 999 1064 vinetaque
1021 979 1110 1045 laeta

346 1080 482 1146 collibus
504 1087 539 1146 et
560 1080 682 1166 campis
703 1087 742 1145 ut
763 1081 931 1158 haberent,
954 1090 1054 1168 atque
1076 1083 1219 1150 olearum

346 1185 473 1249 caerula
495 1184 698 1271 distinguens
720 1184 807 1250 inter
827 1185 924 1270 plaga
944 1207 1071 1251 currere
1092 1197 1202 1272 posset

345 1309 405 1373 per
426 1287 569 1352 tumulos
592 1295 626 1352 et
647 1287 802 1352 convallis
822 1308 1017 1373 camposque
1038 1290 1187 1374 profusa3

344 1397 384 1455 ut
405 1411 493 1456 nunc
514 1412 583 1456 esse
604 1389 694 1455 vides
716 1391 805 1455 vario
827 1390 981 1455 distincta
1001 1391 1110 1477 lepore

346 1494 462 1573 omnia
485 1517 569 1580 quae
590 1494 695 1581 pomis
717 1494 868 1560 intersita
888 1493 1037 1560 dulcibus
1059 1505 1177 1561 ornant

345 1598 549 1685 arbustisque
571 1608 686 1665 tenent
707 1599 855 1665 felicibus
877 1600 984 1685 opsita
1004 1601 1133 1668 circum

388 1702 437 1766 At
457 1701 597 1788 liquidas
619 1703 730 1767 avium
751 1725 846 1768 voces
866 1703 1024 1768 imitarier
1046 1726 1100 1769 ore

345 1813 422 1870 ante
443 1806 509 1870 fuit
529 1807 634 1871 multo
656 1829 755 1893 quam
777 1806 863 1872 levia
883 1807 1027 1872 carmina
1048 1815 1147 1872 cantu

345 1910 566 1976 concelebrare
588 1912 735 1977 homines
756 1918 889 1997 possent
910 1911 1060 1996 aurisque
1082 1910 1201 1979 iuvare.

322 2055 323 2058 =
345 2021 379 2078 et
401 2014 544 2100 zephyri,
567 2036 647 2079 cava
668 2037 727 2101 per
747 2015 953 2090 calamorum,
977 2014 1072 2079 sibila
1091 2015 1236 2101 primum

344 2116 478 2200 agrestis
500 2115 637 2181 docuere
660 2138 754 2182 cavas
776 2115 890 2181 inflare
912 2116 1041 2181 cicutas.

345 2217 420 2283 inde
441 2217 633 2282 minutatim
656 2217 758 2283 dulcis
780 2217 921 2283 didicere
942 2219 1109 2303 querellas,

344 2320 427 2386 tibia
447 2342 528 2407 quas
550 2319 660 2384 fundit
682 2321 793 2406 digitis
815 2321 944 2407 pulsata
964 2331 1149 2402 canentum,
1332 2328 1408 2408 1385

342 2422 417 2488 avia
437 2445 496 2509 per
516 2445 650 2488 nemora
671 2446 709 2488 ac
731 2424 827 2490 silvas
849 2426 1014 2512 saltusque
1036 2437 1173 2514 reperta,

341 2551 400 2614 per
421 2528 491 2593 loca
511 2536 678 2614 pastorum
700 2528 829 2594 deserta
850 2538 949 2616 atque
971 2532 1040 2596 otia
1061 2533 1122 2598 dia

340 2633 421 2698 haec
443 2633 567 2698 animos
589 2633 660 2699 ollis
682 2634 869 2700 mulcebant
891 2645 991 2721 atque
1012 2636 1171 2704 iuvabant
1330 2659 1410 2725 1390

341 2757 416 2800 cum
437 2736 553 2802 satiate
576 2737 658 2817 cibi;
682 2759 759 2801 nam
782 2745 855 2802 tum
876 2738 953 2804 hoec
975 2746 1052 2803 suunt
1075 2740 1184 2804 omnia
1205 2740 1301 2808 cordi

340 2862 436 2925 saepe
458 2839 569 2926 itaque
590 2841 678 2907 inter
698 2864 733 2907 se
755 2842 908 2927 prostrati
930 2842 966 2907 in
987 2844 1134 2929 gramine
1155 2844 1247 2910 molli

339 2951 471 3029 propter
493 2965 597 3028 aquae
618 2945 722 3010 rivom
745 2946 806 3010 sub
828 2945 927 3011 ramis
950 2946 1072 3011 arboris
1094 2947 1180 3013 altae

339 3070 406 3112 non
427 3046 554 3133 magnis
578 3048 693 3134 opibus
715 3048 857 3114 iucunde
880 3071 1012 3135 corpora
1034 3051 1208 3131 habebant,

338 3150 528 3237 praesertim
551 3172 626 3215 curn
649 3159 827 3237 tempestas
849 3152 978 3218 ridebat
1001 3161 1037 3218 et
1059 3153 1138 3219 anni
1328 3170 1404 3242 1395

338 3264 486 3340 tempora
507 3254 689 3341 pingebant
711 3254 882 3320 viridantis
905 3254 1037 3321 floribus
1061 3256 1185 3322 herbas

337 3369 410 3423 tum
433 3357 511 3435 ioca,
537 3366 609 3423 turn
633 3380 746 3436 sermo,
771 3365 844 3423 tum
867 3357 977 3424 dulces
1001 3381 1070 3425 esse
1094 3360 1243 3426 cachinni

336 3469 536 3526 consuerant.
560 3462 694 3548 agrestis
718 3462 806 3527 enirn
831 3470 903 3528 tum
924 3485 1019 3528 musa
1041 3463 1192 3550 vigebat3

336 3572 409 3627 tum
432 3571 530 3649 caput
553 3573 652 3650 atque
675 3587 804 3630 umeros
825 3563 929 3650 plexis
951 3565 1103 3631 redimire
1127 3565 1251 3633 coronis

335 3664 467 3730 floribus
491 3673 524 3731 et
547 3667 632 3731 foliis
655 3667 787 3734 lascivia
809 3668 898 3734 laeta
919 3668 1083 3747 monebat,
1328 3690 1409 3753 1400

335 3775 435 3850 atque
457 3776 550 3833 extra
572 3791 745 3835 numerum
769 3771 942 3856 procedere
966 3773 1112 3838 membra
1133 3781 1301 3840 moventes

334 3868 457 3935 duriter
480 3872 617 3938 et'duro
640 3882 761 3939 terram
784 3875 869 3961 pede
891 3876 1014 3963 pellere
1036 3884 1194 3957 matrom3

246 4106 339 4158 Lamb.
356 4109 511 4174 perverssly.
618 4111 684 4162 1sus
709 4118 802 4162 10110111
817 4111 898 4163 Lech.
916 4113 956 4164 101
972 4122 1049 4166 terra.
1165 4115 1229 4166 loss
1246 4116 1408 4169 1sss=1sss

247 4192 319 4250 1455,
331 4191 383 4243 and
394 4207 437 4242 ure
446 4193 509 4245 here
520 4194 592 4258 quite
602 4195 649 4244 out
659 4195 687 4245 ol
697 4194 779 4257 place.
873 4195 936 4247 1391
949 4203 1001 4246 tum
1012 4198 1073 4247 haec
1083 4204 1141 4247 utut
1152 4199 1237 4247 maala
1248 4200 1291 4248 ‘ut
1302 4198 1408 4261 quidam

244 4272 347 4335 legunt'
359 4286 419 4337 says
431 4274 524 4327 bamb.
536 4277 576 4327 lor
592 4283 645 4326 tum
660 4284 719 4326 sunt
733 4278 831 4326 amata:
849 4289 933 4339 comp.
950 4277 1023 4328 1404.
1058 4286 1111 4328 tum
1124 4287 1183 4330 runt
1196 4282 1311 4330 camina
1326 4279 1407 4331 Laoh.

244 4358 298 4406 otiu
308 4356 399 4408 Faber.
497 4360 563 4412 1³97
578 4362 636 4411 ioca
645 4359 716 4411 Flor.
724 4361 756 4410 u1
771 4360 847 4410 Pont.
860 4360 1020 4411 1111111111
1036 4363 1112 4414 Junt.
1123 4364 1164 4413 lor
1178 4366 1243 4415 loca
1343 4364 1407 4414 1100
