3092 4984
683 267 737 332 111

218 430 402 510 proporrost
426 421 536 486 anima
559 428 594 487 et
617 421 804 487 dominatur
826 442 955 507 corpore
979 428 1056 488 toto.

218 526 377 591 consimili
399 525 526 590 ratione
551 534 713 590 necessest
734 534 853 591 ventus
877 533 912 590 et
934 547 991 590 scr

219 638 250 694 ct
275 631 361 694 euior
384 629 471 694 inter
493 651 529 694 se
552 629 685 713 vigeant
708 630 885 694 commixta
907 653 966 715 per
989 638 1079 695 artus

219 732 324 818 adque
347 732 421 796 aliis
444 732 533 796 uliud
559 732 665 797 subsit
687 733 790 818 magis
814 733 1021 818 eminestque

220 847 257 902 ut
281 836 437 922 quiddam
460 835 531 901 fieri
553 834 703 900 videatur
724 835 767 900 sb
792 836 942 901 omnibus
966 859 1078 913 unum,
1225 840 1285 919 285

219 942 254 1005 ni
277 941 364 1005 calor
387 963 424 1004 uc
447 948 566 1005 ventus
589 960 732 1003 seorsum
756 961 965 1024 seorsumque
988 949 1131 1025 potestas

219 1044 301 1108 scus
325 1045 523 1107 interemant
547 1064 678 1105 sensum
702 1040 899 1126 diductaque
923 1043 1057 1108 solvant

220 1158 270 1211 est
292 1147 417 1212 etenim
440 1146 526 1210 calor
548 1145 603 1209 ille
627 1146 745 1222 animo,
770 1168 869 1230 quem
895 1147 1002 1224 sumit
1029 1148 1064 1211 in
1089 1147 1137 1213 irs

220 1274 295 1317 curn
318 1250 468 1315 fervescit
491 1258 525 1316 ct
550 1273 590 1315 ex
615 1251 714 1315 oculis
738 1250 837 1314 micat
860 1251 986 1315 acribus
1008 1251 1121 1333 ardor3

220 1362 270 1418 est
291 1362 326 1418 et
348 1352 466 1438 frigide
487 1353 595 1417 mults
616 1375 721 1417 comes
743 1352 923 1418 formidinis
945 1377 1024 1419 sura
1226 1372 1290 1440 290

222 1480 304 1543 quse
327 1458 391 1521 ciet
413 1457 578 1521 horrorem
600 1456 753 1520 membris
776 1467 810 1521 et
831 1458 972 1522 concitat
993 1468 1101 1540 ortus3

222 1570 270 1626 est
293 1562 394 1626 etiam
417 1582 545 1646 quoque
568 1561 676 1646 pacati
698 1568 803 1625 status
824 1562 908 1626 seris
930 1562 994 1639 ille,

222 1676 351 1752 pectore
374 1666 550 1752 tranquillo
572 1666 630 1751 qui
651 1666 691 1730 fit
711 1666 867 1752 voltuque
889 1689 1011 1734 sereno.

222 1772 278 1837 sed
300 1771 397 1836 calidi
419 1772 493 1857 plus
515 1779 565 1836 est
587 1771 652 1836 illis
674 1771 791 1857 quibus
813 1772 900 1837 scria
921 1771 1018 1837 corda

223 1874 439 1959 iracundaque
461 1896 552 1939 mens
574 1864 669 1939 facile
691 1875 872 1939 effervescit
894 1874 929 1938 in
951 1875 1006 1939 irs
1229 1888 1288 1957 295

223 1998 285 2062 quo
307 1998 425 2062 genere
446 1977 482 2040 in
502 1976 617 2062 primis
638 1977 687 2040 vis
709 1985 759 2041 est
782 1976 927 2041 violento
947 1975 1088 2051 leonum,

223 2089 354 2165 pectora
376 2078 433 2164 qui
455 2078 588 2143 fremitu
609 2086 766 2165 rumpunt
788 2079 980 2164 plerumque
1001 2085 1169 2163 gementes

224 2207 283 2249 nec
304 2206 420 2269 cepere
442 2184 563 2248 irarum
585 2182 702 2248 fluctus
724 2183 759 2246 in
781 2192 912 2268 pectore
932 2190 1076 2267 possunt
1185 2262 1189 2271 .

224 2294 258 2350 et
279 2295 414 2350 ventosa
434 2285 538 2371 magis
560 2307 726 2351 cervorum
748 2284 866 2369 frigida
886 2307 977 2349 mens
1000 2292 1050 2350 est

224 2397 257 2453 ct
277 2389 401 2475 gelidus
423 2389 518 2454 citius
540 2389 742 2476 perviscera
763 2389 905 2453 concitat
926 2411 1021 2453 suras
1227 2406 1291 2471 300

224 2516 307 2578 quae
329 2493 505 2557 tremulum
527 2493 652 2557 faciunt
674 2493 828 2558 membris
850 2492 986 2558 existere
1008 2500 1142 2559 motum.

224 2608 258 2661 at
279 2608 398 2663 notura
418 2598 517 2664 boum
539 2597 666 2683 placido
688 2599 791 2683 magis
814 2620 887 2663 sere
909 2600 999 2676 vivit,

224 2723 282 2765 nec
302 2701 401 2765 nimis
423 2700 482 2764 irai
504 2700 559 2765 fax
581 2723 737 2786 umquem
760 2701 893 2766 subdite
914 2701 1017 2787 percit

224 2804 355 2882 fumida,
378 2805 568 2870 suffundens
590 2827 703 2871 caecae
725 2806 872 2892 caliginis
893 2806 1016 2884 umbra,

224 2930 283 2971 nec
303 2907 417 2992 gelidis
438 2916 546 2993 torpet
569 2907 643 2972 telis
663 2908 788 2994 perfixa
809 2909 956 2993 pavoris:
1228 2921 1288 2990 305

224 3012 309 3077 inter
328 3021 482 3098 utrosque
504 3013 605 3092 situst,
629 3036 738 3078 cervos
760 3036 935 3099 saevosque
959 3011 1074 3076 leones

225 3116 269 3181 sic
288 3118 458 3182 hominum
480 3140 582 3204 genus
604 3128 660 3183 est
684 3119 832 3204 quamvis
854 3117 1001 3183 doctrina
1020 3116 1138 3201 politos

225 3221 401 3285 constituat
421 3222 544 3307 pariter
565 3220 729 3306 quosdam,
751 3230 866 3287 tamen
887 3220 944 3285 ills
965 3217 1121 3301 relinquit

142 3430 248 3489 soresd,
259 3446 323 3481 sven
340 3431 473 3482 Junsbut
491 3436 539 3483 not
549 3433 659 3483 Acuunt
677 3432 738 3484 ‘ulii
751 3433 862 3482 viscere’
875 3431 955 3480 Mun:
972 3432 1016 3494 yet
1034 3432 1063 3479 to
1074 3428 1148 3479 Wsln
1160 3430 1252 3478 vicem
1269 3429 1293 3481 is

141 3511 285 3562 ‘wrdidum
295 3516 321 3562 ct
332 3513 451 3576 ineptum
459 3515 480 3563 Ἰ
578 3516 627 3563 288
644 3518 734 3564 sonim
744 3514 829 3564 Faber
839 3514 869 3562 in
880 3510 982 3562 emend.
995 3510 1046 3561 ond
1060 3509 1141 3560 Lech.
1153 3510 1291 3561 forestam:

140 3606 301 3657 onsocssnry
316 3593 422 3656 change.
455 3594 537 3644 Lech.
552 3595 650 3658 rightly
665 3596 763 3644 follows
783 3594 870 3644 Benti.
885 3593 914 3642 in
932 3593 1033 3656 joining
1047 3595 1076 3642 in
1094 3591 1210 3642 ircwith
1231 3592 1293 3643 Cum

134 3673 259 3735 fervescit.
356 3677 406 3726 289
422 3678 522 3726 northw
530 3676 621 3726 Immb.
633 3676 674 3726 ed
686 3676 761 3726 tend
772 3679 789 3725 3
800 3677 840 3725 ior
850 3678 943 3725 αενίω.
1041 3676 1091 3725 290
1106 3682 1139 3725 et.
1172 3674 1291 3726 sabech.

139 3751 278 3803 intulerunt
288 3756 316 3805 oi
325 3764 350 3806 et
360 3757 401 3805 ior
411 3759 497 3806 enum.
594 3759 643 3807 298
655 3760 739 3821 qnifit
749 3757 814 3806 Μαι.
827 3756 907 3806 Aldu
919 3755 1082 3820 luntforfit
1092 3757 1145 3819 qut.
1243 3759 1292 3808 298

141 3831 268 3896 isplresd
284 3836 319 3898 by
333 3836 415 3885 Lucis
432 3836 520 3886 before
538 3838 588 3888 296
606 3837 716 3887 without
733 3852 819 3887 conse.
917 3839 965 3886 303
980 3840 1056 3886 nimir
1073 3837 1184 3887 Flor.3l
1202 3837 1291 3888 Csmb.

139 3915 198 3965 Vct.
212 3919 274 3968 1954
291 3919 387 3969 Othob.
404 3919 518 3970 Mentor
531 3924 621 3971 mium.
724 3921 773 3971 304
789 3921 898 3969 Fumida
915 3922 1056 3983 nsffundem
1075 3919 1145 3969 Flor.
1153 3920 1184 3968 31
1202 3919 1291 3969 Camb.

139 4010 204 4045 corr.
216 3999 255 4048 for
264 4001 385 4050 Fumida
396 4004 530 4064 effnrrderu.
590 4003 677 4050 umbra
688 4000 720 4049 B.
753 4003 864 4051 umbram
874 4000 898 4049 A
908 4001 978 4050 Nico.
991 4000 1081 4051 camb.
1093 3999 1177 4049 which
1192 4014 1252 4063 moy
1260 4000 1292 4050 bs

139 4078 224 4141 right:
240 4096 322 4143 comp,
334 4083 420 4132 Pleut.
431 4083 489 4133 rud.
502 4085 550 4133 588
562 4085 642 4145 Quasi
653 4085 722 4133 visis
734 4084 837 4133 Graccis
847 4085 976 4148 Neptunus
985 4086 1054 4133 nobis
1063 4085 1171 4146 suffodit
1182 4099 1259 4132 more.

171 4162 221 4211 305
242 4167 341 4226 potoris
363 4165 428 4214 Mur.
447 4163 530 4214 Arsi
548 4165 623 4214 dunt.
646 4164 687 4213 for
708 4167 816 4229 superb.
922 4167 970 4215 308
991 4166 1061 4215 lom
1081 4174 1197 4228 strorqroe
1218 4167 1294 4213 sitan

139 4240 236 4292 Aruns.
248 4244 306 4307 (rito
316 4254 353 4295 est
364 4245 429 4295 Μαι.
442 4246 526 4309 Jnnt.)
536 4245 576 4295 for
585 4247 658 4294 Inter
668 4252 786 4310 utrasque
797 4249 870 4296 siras
901 4249 965 4295 sitos
974 4246 1001 4294 ol
1010 4259 1073 4294 mss.
1083 4248 1154 4293 must
1163 4244 1194 4292 be
1205 4245 1294 4291 sitast:

138 4324 185 4375 the
196 4325 277 4378 saite
287 4325 335 4379 hes
346 4328 412 4379 tiron
429 4327 541 4393 sdsptsd
556 4335 675 4392 utrasque
685 4329 714 4377 to
723 4330 796 4379 sitos
824 4330 1001 4392 laterumque
1016 4341 1086 4377 secus
1096 4325 1179 4376 Irscin
1211 4325 1294 4374 Inter·
