3092 4984
336 496 486 562 omnibus
510 518 579 563 esse
602 497 703 583 igitur
725 505 812 562 totas
836 496 979 561 dicemus
994 494 1030 559 in
1052 494 1117 559 illis

334 600 502 685 particulis
526 600 673 665 animast
696 606 732 665 at
755 622 795 664 ea
817 598 943 664 ratione
966 605 1120 683 sequetur
1342 600 1404 681 665

335 727 435 769 unam
458 705 661 770 animantem
684 704 810 768 animas
833 702 984 767 babuisse
1007 701 1043 765 in
1067 723 1198 787 empore
1221 701 1348 767 multas.

336 829 411 893 ergo
434 807 568 873 divisast
591 829 737 892 eaquae
760 806 825 871 fuit
847 828 914 870 una
937 805 1034 870 simul
1056 827 1132 870 cum

336 929 485 992 corpore;
509 916 706 993 quapropter
728 905 864 970 mortale
887 913 1062 989 utrumque
1087 903 1311 990 putandumst,

337 1008 373 1073 in
396 1009 516 1075 multas
539 1009 693 1095 quoniam
716 1009 818 1094 partis
841 1007 1010 1071 disciditur
1034 1029 1145 1092 aeque.

381 1112 553 1178 Praeterea
575 1114 603 1177 si
626 1112 806 1177 inmortalis
830 1119 946 1175 natura
970 1110 1092 1175 animai
1341 1112 1409 1194 670

338 1223 463 1279 constat
487 1225 520 1281 et
544 1216 578 1280 in
603 1238 716 1301 corpus
739 1214 947 1279 nascentibus
971 1213 1162 1291 insinuatur,

339 1338 396 1380 cur
419 1340 514 1403 super
537 1327 720 1383 anteactam
744 1326 887 1382 aetatem
910 1316 1095 1381 meminisse
1118 1317 1291 1402 nequimus

338 1443 398 1486 nec
422 1423 558 1507 vestigia
581 1431 746 1509 gestarum
768 1443 877 1486 rerum
900 1421 968 1485 ulla
990 1426 1162 1485 tenemus?

272 1566 275 1569 -
338 1550 415 1593 nem
439 1530 466 1595 si
491 1537 584 1596 tanto
608 1540 735 1617 operest
758 1530 860 1595 animi
884 1537 1012 1594 mutata
1034 1536 1185 1614 potestas,

339 1632 444 1697 omnis
468 1642 506 1699 nt
529 1644 674 1700 actarum
697 1635 853 1700 exciderit
876 1632 1052 1699 retinentia
1074 1655 1191 1712 rerum,
1342 1635 1404 1716 675

338 1756 412 1814 non,
439 1746 478 1802 ut
501 1739 622 1824 opinor,
645 1739 679 1804 id
703 1761 724 1803 a
746 1739 813 1803 leto
837 1738 903 1802 iam
926 1737 1065 1823 longiter
1088 1747 1192 1818 errat3

340 1849 535 1926 quapropter
558 1842 680 1906 fateare
703 1850 865 1907 necessest
890 1863 974 1926 quae
998 1840 1060 1904 fuit
1084 1849 1161 1904 ante

339 1941 498 2008 interiisse
522 1955 557 2010 et
579 1968 662 2030 quae
688 1967 775 2009 nunc
799 1952 848 2010 est
871 1967 959 2009 nunc
982 1965 1051 2009 esse
1074 1952 1223 2009 creatam.

380 2043 552 2111 Praeterea
575 2047 602 2111 si
625 2048 691 2112 iam
714 2047 857 2133 perfecto
880 2069 1010 2132 corpore
1032 2047 1126 2113 nobis

337 2144 448 2213 inferri
471 2151 596 2216 solitast
619 2151 721 2216 animi
745 2151 855 2216 vivata
877 2160 1020 2236 potestas
1340 2153 1407 2217 680

337 2257 408 2315 tum
433 2276 507 2318 cum
529 2255 693 2340 gignimur
717 2264 750 2320 et
773 2256 860 2320 vitae
885 2277 959 2319 cum
981 2255 1081 2319 limen
1104 2253 1233 2330 inimus,

337 2353 424 2418 haud
449 2356 497 2420 ita
520 2358 731 2423 conveniebat
758 2357 809 2422 uti
833 2380 907 2422 cum
922 2379 1051 2442 corpore
1075 2365 1109 2422 et
1131 2380 1198 2422 una

337 2476 410 2520 cum
430 2459 583 2524 membris
607 2460 756 2526 videatur
780 2462 815 2526 in
839 2462 908 2549 ipso
931 2462 1088 2547 sanguine
1109 2483 1220 2539 cresse,

336 2559 392 2623 sed
417 2560 508 2626 velut
532 2561 566 2626 in
590 2585 689 2628 cavea
711 2587 770 2650 per
794 2587 828 2629 se
851 2565 913 2630 sibi
936 2567 1045 2630 vivere
1069 2565 1178 2630 solam

332 2687 484 2734 cervarum
503 2693 543 2735 ur
563 2694 656 2738 sarrae
676 2694 791 2738 consus
814 2695 919 2737 rauna
938 2695 1078 2738 armum
1097 2696 1182 2738 om
1337 2671 1398 2751 685

248 2763 314 2846 690
336 2769 422 2851 quod
446 2771 517 2836 fieri
540 2781 647 2838 totum
671 2783 783 2840 contra
805 2777 978 2841 manifesta
1002 2776 1094 2841 docet
1117 2798 1187 2855 res3

334 2893 474 2958 namque
498 2875 546 2941 ita
568 2899 689 2942 conexa
713 2887 763 2945 est
787 2902 844 2965 per
868 2901 967 2943 venas
989 2880 1111 2944 viscera
1136 2900 1249 2943 nervos

334 2997 476 3062 ossaque,
500 2981 551 3045 uti
574 2981 687 3046 dentes
711 3004 841 3067 quoque
865 3004 960 3047 sensu
982 2982 1235 3068 participentur3

334 3101 457 3157 memus
480 3091 519 3147 ut
542 3083 665 3148 indicat
688 3091 722 3148 et
745 3083 864 3170 gelidai
888 3084 1029 3169 stringor
1053 3082 1150 3170 aquai

333 3192 368 3249 et
391 3184 473 3271 lapis
497 3209 672 3273 oppressus,
698 3187 799 3252 subiit
821 3187 849 3251 si
872 3208 890 3251 e
913 3187 1068 3272 frugibus,
1094 3206 1194 3271 asper.
1336 3186 1402 3268 690

244 3286 311 3351 686
334 3310 432 3373 quare
457 3291 556 3356 etiam
580 3301 677 3377 atque
700 3292 799 3357 etiam
821 3314 926 3377 neque
945 3291 1076 3377 originis
1097 3312 1165 3355 esse
1187 3289 1400 3375 putandumst

333 3393 473 3480 expertis
495 3395 620 3460 animas
641 3419 701 3461 nec
724 3396 782 3461 leti
803 3397 874 3481 lege
896 3394 1027 3459 solutas.

330 3520 406 3562 nam
428 3520 534 3583 neque
556 3507 648 3564 tanto
671 3522 766 3585 opere
788 3499 916 3564 adnecti
938 3498 1079 3582 potuisse
1101 3497 1315 3583 putandumst

242 3600 309 3682 689
327 3602 511 3686 corporibus
532 3604 650 3668 nostris
671 3605 870 3669 extrinsecus
892 3603 1079 3679 insinuatas,

242 3767 350 3814 cmm,
366 3756 483 3817 utrinque
498 3755 590 3805 Lamb.
689 3757 736 3807 662
753 3773 825 3820 seqare
840 3764 905 3808 retro
921 3755 992 3805 Nice.
1009 3754 1049 3804 lor
1064 3769 1162 3817 aequm
1177 3759 1251 3802 retro.
1350 3752 1398 3802 663

241 3834 349 3882 dolorm
365 3834 446 3885 Laeli.
466 3837 507 3885 ior
522 3839 613 3887 dolore.
712 3838 760 3888 674
784 3846 853 3888 tento
870 3845 963 3901 operest
981 3838 1061 3885 animi
1083 3835 1148 3884 Mar.
1172 3835 1212 3883 lor
1234 3841 1304 3883 tanto
1326 3850 1399 3898 opere

242 3916 351 3972 cnimirt,
370 3916 418 3964 660
433 3919 532 3966 solitast
549 3920 629 3967 animi
646 3916 711 3967 Mar.
728 3917 811 3967 Aldl
828 3919 868 3967 lor
883 3920 960 3967 solita
976 3919 1091 3967 animet:
1109 3930 1152 3965 see
1169 3916 1226 3973 623,
1243 3916 1329 3966 11275
1346 3915 1399 3965 and

242 3995 321 4046 Lach.
333 3997 416 4048 there.
514 4001 562 4051 676
585 4018 602 4049 a
618 4004 666 4050 leto
685 4000 774 4057 Lech..
791 4003 897 4062 tenuiter
911 3999 1003 4050 Lamb.
1019 3998 1100 4048 Lech,
1118 3998 1184 4047 from
1201 3995 1335 4046 66666666
1347 3996 1400 4046 md

241 4078 410 4139 liminatur
429 4084 496 4132 ubl.
515 4086 621 4145 leoffius.
720 4085 767 4135 665
791 4083 883 4132 Lamb.
903 4083 952 4133 has
970 4086 1039 4133 most
1056 4082 1176 4145 properly
1192 4080 1315 4144 rejected:
1336 4078 1358 4128 it
1375 4080 1400 4130 is
1480 4113 1489 4125 .

242 4162 336 4224 clearly
347 4176 363 4212 a
376 4162 497 4214 sarcastio
515 4164 592 4226 glosa.
626 4164 705 4214 Lech.
723 4164 821 4213 retains
837 4162 859 4211 it
874 4163 926 4212 and
941 4164 980 4213 lor
995 4167 1084 4226 affluat
1102 4163 1177 4213 reads
1190 4168 1286 4211 arceat:
1304 4175 1339 4210 an
1350 4175 1399 4210 un·

241 4244 321 4307 likely
336 4244 489 4308 conjecture.
588 4247 718 4298 teo-690
736 4247 898 4313 (696-694);
916 4246 997 4297 Laeh.
1013 4262 1065 4298 was
1082 4246 1128 4297 the
1144 4247 1202 4297 first
1218 4248 1246 4295 to
1262 4247 1400 4308 transpose

241 4325 316 4378 these
329 4342 395 4389 assa
413 4328 465 4378 666
482 4332 585 4393 change
604 4328 626 4378 it
644 4329 668 4379 is
683 4328 719 4380 he
738 4327 833 4379 should
849 4328 915 4380 have
930 4330 996 4380 been
1012 4329 1058 4380 the
1074 4330 1141 4380 first.
1240 4329 1288 4380 669
1304 4344 1400 4379 nunus

241 4409 321 4461 Laoh.
340 4411 381 4462 lor
396 4414 501 4464 morlia
600 4413 649 4464 696
672 4414 940 4478 66166666,ωωίιεί
956 4416 1101 4478 esrapr'biu
1117 4414 1194 4466 Bam.
1213 4412 1254 4464 tor
1269 4427 1399 4476 oppressus
