3092 4984
459 952 501 1029 Τ.
533 953 778 1032 LUURETI
815 953 954 1033 CARI

335 1199 428 1285 DE
477 1200 732 1289 RERUM
782 1203 1079 1292 NATURA

532 1480 663 1541 LIBER
690 1481 883 1553 QUINTUS

216 1881 296 1961 Quis
317 1881 403 1968 potis
424 1889 474 1946 ast
495 1880 631 1967 dignum
652 1882 789 1970 pallenti
810 1893 939 1970 pectore
960 1906 1089 1951 carmen

215 1985 350 2050 condere
372 2007 429 2071 pro
450 2007 558 2050 rerum
580 1986 750 2051 maiestate
771 1986 886 2073 hisque
908 1988 1067 2073 repertis?

214 2087 325 2171 quisve
347 2087 434 2152 valet
455 2087 560 2151 verbis
582 2096 712 2152 tantum
735 2088 792 2172 qui
813 2088 935 2173 fingere
956 2088 1067 2153 laudea

214 2211 272 2273 pro
286 2189 411 2254 meritis
426 2189 495 2254 aius
509 2189 610 2275 possit
624 2190 681 2275 qui
696 2190 777 2255 talia
790 2190 883 2254 nobis

215 2301 341 2377 pectore
363 2302 457 2379 parta
477 2315 536 2358 auo
557 2294 764 2380 quaesitaque
785 2294 929 2377 praemia
950 2292 1068 2379 liquit?
1261 2310 1277 2375 5

214 2418 317 2474 namo,
340 2406 378 2462 ut
400 2397 520 2483 opinor,
543 2397 605 2462 erit
626 2397 755 2461 mortali
777 2418 905 2482 corpore
928 2405 1041 2462 cretus.

215 2522 291 2565 nam
312 2500 348 2578 ai,
371 2508 410 2565 ιιι
431 2501 501 2587 ipsa
522 2500 606 2587 petit
627 2500 779 2565 maiestas
800 2501 929 2585 oognita
949 2523 1066 2578 rerum,

213 2604 386 2671 dicendum
408 2615 465 2685 ast,
487 2606 568 2671 deus
589 2606 643 2670 ille
665 2606 736 2682 fuit,
759 2606 848 2683 deus,
870 2606 989 2691 inclyte
1011 2605 1156 2682 Memmi,

213 2708 270 2794 qui
292 2709 439 2795 princeps
461 2709 547 2773 vitae
569 2709 728 2774 rationem
749 2709 876 2775 invenit
897 2731 969 2774 eam
991 2732 1074 2795 quae

213 2833 300 2876 nunc
320 2811 503 2898 appellatur
524 2811 693 2898 sapientia,
717 2812 839 2898 quique
860 2834 918 2897 par
938 2821 1042 2878 artam
1244 2832 1281 2879 10

210 2912 361 2979 fluctibus
382 2935 401 2978 a
423 2915 525 2980 tantis
547 2914 649 2979 vitam
671 2915 838 3000 tantisque
861 2915 1005 2980 tenebris

211 3016 246 3080 in
267 3024 337 3080 tam
359 3017 533 3102 tranquillo
555 3026 590 3081 et
611 3025 681 3081 tam
703 3017 790 3082 clara
811 3017 883 3083 luca
904 3017 1028 3082 locavit.

97 3190 99 3195 ,
213 3117 322 3182 confer
344 3119 431 3183 enim
452 3118 564 3183 divina
584 3119 721 3184 aliorum
744 3120 882 3206 antiqua
902 3129 1037 3206 reperta

214 3240 354 3304 namque
376 3218 474 3285 Ceres
495 3219 598 3284 fertur
618 3221 725 3306 fmges
747 3222 908 3308 Liberque
929 3222 1061 3308 liquoris

213 3320 349 3406 vitigeni
371 3321 501 3387 latioem
523 3324 712 3388 mortalibus
734 3324 932 3405 instituisse3
1243 3339 1277 3405 15

212 3445 287 3487 aum
308 3431 420 3489 tamen
442 3424 493 3488 his
514 3435 623 3510 posset
645 3426 715 3491 sine
737 3427 835 3491 rebus
856 3426 926 3491 vita
946 3449 1085 3502 manere,

212 3534 250 3591 ut
274 3525 362 3590 fama
382 3535 433 3591 est
454 3527 581 3612 aliquas
599 3528 699 3593 etiam
722 3550 809 3592 nuno
831 3529 938 3593 vivere
959 3529 1072 3615 gentis,

212 3639 248 3694 at
269 3630 352 3695 bene
374 3651 439 3694 non
460 3638 589 3716 poterat
610 3630 680 3695 sine
702 3652 783 3717 puro
805 3640 934 3716 pectore
955 3632 1042 3713 vivi3

213 3753 278 3817 quo
299 3732 402 3817 magia
424 3732 477 3797 hie
499 3734 615 3798 merito
637 3734 730 3798 nobis
752 3732 832 3798 deus
855 3756 923 3799 esse
945 3733 1081 3814 videtur,

213 3857 255 3900 ax
276 3831 340 3920 quo
362 3856 448 3899 nunc
469 3836 569 3899 etiam
590 3858 648 3921 per
669 3858 804 3921 magnas
825 3836 929 3902 didita
949 3838 1056 3923 gantis
1239 3858 1282 3906 20

212 3938 321 4003 dulcia
342 3938 544 4024 parmuloent
565 3940 689 4004 animoa
712 3940 829 4004 solacia
851 3940 946 4005 vitae.

214 4041 365 4107 Herculia
387 4043 543 4107 antistare
565 4051 676 4107 autem
699 4042 726 4107 ai
749 4043 835 4108 facta
855 4044 994 4129 putabis,

212 4145 339 4231 longius
360 4167 382 4210 a
402 4168 479 4210 vara
499 4146 605 4210 multo
626 4146 752 4211 ratione
773 4146 882 4212 ferere.

175 4343 192 4391 ι
208 4343 336 4392 natante
348 4343 435 4406 hisque
446 4345 550 4406 repert&
566 4341 657 4393 hamb.
674 4342 714 4392 ior
732 4344 870 4394 maintata'a
886 4350 961 4406 atque
977 4345 1093 4406 repertio:
1110 4341 1144 4392 ha
1160 4355 1282 4405 proponas

123 4422 183 4472 also
199 4424 328 4473 matam
343 4429 420 4486 atqua
435 4436 458 4473 r.
490 4423 676 4486 motatumque
691 4423 794 4485 repertis
810 4422 882 4473 Niao.
899 4421 952 4472 aad
968 4420 1004 4472 all
1020 4419 1107 4473 bosora
1122 4420 1216 4471 hamb.

1092 4521 1194 4585 14-2
