3092 4984
721 296 738 359 Ι
1269 310 1310 380 59

234 464 393 522 eventurn
418 452 484 518 dici
509 451 630 538 poterit
656 451 884 538 quodcumqae
904 452 969 518 erit
994 458 1119 523 actum.
1244 471 1311 537 470

233 558 378 642 denique
401 555 555 620 materies
581 554 609 619 si
631 575 739 619 rerum
765 554 856 619 nulla
881 555 997 621 fuisset

233 682 296 726 nec
320 660 409 724 locus
431 680 469 723 ec
491 657 644 748 spatium,
664 656 773 723 resin
798 681 863 744 quo
885 681 1035 745 quaeque
1055 668 1222 746 geruntur,

114 814 119 819 .
236 783 420 847 numquam
443 759 637 845 Tyndaridis
659 760 783 826 formae
808 761 968 853 conflatus
991 784 1100 827 amore
1145 762 1264 826 law

236 864 333 950 ignis,
355 862 534 928 Alexandri
558 863 698 949 Phrygio
722 866 784 929 sub
807 875 937 951 pectore
961 866 1107 955 gliscens,

104 1008 107 1019 ·
134 1032 140 1041 ,
238 970 328 1034 clara
349 967 548 1033 accendisset
573 968 662 1032 saevi
687 970 867 1034 certamina
888 970 974 1048 belli,
1245 988 1307 1054 475

109 1132 121 1150 „
238 1051 300 1139 ne⁶c
326 1074 411 1138 clam
436 1072 593 1159 diffisus
615 1073 773 1138 Troiianis
798 1074 956 1159 Pergama
969 1085 1073 1160 partu

240 1177 478 1245 inflammasset
499 1198 600 1262 equos
623 1187 781 1242 nocturno
805 1166 1076 1264 Graiiugenarum
1075 1204 1095 1267 5
1127 1164 1327 1313 nepos*

239 1281 421 1368 perspicere
446 1289 484 1374 ut
505 1281 607 1366 possis
629 1304 679 1346 res
700 1290 808 1367 gestas
828 1281 975 1348 funditus
997 1284 1102 1349 omnis

239 1408 308 1450 non
333 1386 383 1450 ita
404 1386 455 1450 uti
478 1406 594 1470 corpus
618 1407 677 1470 per
702 1408 736 1451 se
762 1395 908 1481 constare
930 1410 1037 1473 neque
1060 1411 1138 1469 esse,

240 1511 302 1554 nec
327 1489 454 1554 ratione
478 1489 586 1589 cluere
610 1490 816 1576 eademque
837 1501 962 1557 constet
988 1493 1095 1583 inane
1247 1500 1313 1579 480

239 1592 299 1658 sed
322 1592 426 1678 magis
448 1601 487 1657 ut
512 1593 629 1657 meritc
652 1593 755 1678 possis
777 1604 896 1660 eventa
917 1618 1030 1662 vocare

240 1697 382 1782 corporis
404 1705 504 1782 etque
527 1696 598 1775 loci,
624 1682 736 1762 resin
761 1722 826 1784 quo
848 1722 996 1785 quaeque
1017 1710 1183 1786 gerantur.

287 1799 431 1886 Corpora
453 1808 529 1865 sunt
556 1822 650 1886 porro
676 1802 798 1887 partim
823 1802 1001 1889 primordia
1021 1826 1138 1887 rerum,

242 1903 367 1988 partim
392 1902 526 1968 concilio
550 1926 634 1988 quse
660 1913 811 1969 constant
834 1905 1077 1991 principiorum

242 2007 300 2073 sed
327 2030 412 2094 quse
433 2016 510 2073 sunt
532 2030 639 2073 rerum
662 2007 848 2094 primordia,
869 2009 962 2072 nulla
982 2018 1089 2094 potest
1111 2012 1161 2076 vis
1250 2017 1312 2097 485

244 2114 413 2200 stinguere
419 2138 433 2200 ς
456 2136 534 2178 nam
556 2113 657 2178 solido
682 2112 821 2177 vincunt
847 2133 887 2176 ea
912 2134 1042 2197 corpore
1066 2113 1211 2205 demum.

245 2215 308 2280 etsi
334 2215 464 2281 difficile
490 2238 559 2281 esse
579 2215 710 2280 videtur
733 2214 863 2279 credere
890 2214 1063 2300 quicquam

244 2318 280 2383 in
306 2319 404 2383 rebus
429 2317 531 2382 solido
551 2317 686 2402 reperiri
711 2338 842 2402 corpore
867 2338 971 2402 posse.

243 2423 364 2488 transit
390 2422 479 2487 enim
504 2406 628 2487 frilmen
654 2421 734 2486 caeli
759 2442 819 2505 per
844 2430 956 2506 saepta
981 2419 1158 2504 domorum,

244 2528 367 2592 clamor
389 2536 428 2592 ut
453 2549 491 2591 ac
514 2548 625 2607 voces3
647 2526 770 2591 ferrum
796 2524 958 2590 candescit
981 2525 1015 2589 iu
1032 2526 1099 2613 igni
1249 2549 1317 2617 490

246 2628 477 2714 dissiliuntque
501 2629 569 2693 fero
593 2627 753 2692 ferventia
776 2649 853 2691 saxa
878 2648 1015 2726 vaporej
1050 2648 1117 2701 aar

82 2780 150 2825 Ἀ
244 2740 319 2797 tum
345 2731 558 2822 labefactatis
580 2730 665 2816 rigor
691 2729 761 2795 auri
786 2729 921 2795 solvitur
944 2739 1057 2820 aestu5

115 2822 119 2843 ’
245 2843 320 2898 tum
345 2832 464 2918 glacies
487 2833 571 2897 aeris
593 2832 727 2897 flamma
751 2831 880 2897 devicte
901 2831 1050 2917 liquescit
1054 2856 1070 2917 3

245 2945 419 3023 permanat
442 2937 527 3001 calor
550 2946 723 3022 argeutum
748 2936 980 3022 penetraleque
1003 2937 1116 3029 frigus,

247 3039 380 3126 quando
404 3050 580 3126 utrumque
605 3062 705 3105 manu
730 3042 910 3133 retinentes
932 3040 1047 3125 pocula
1068 3043 1130 3108 rite
1250 3063 1313 3131 495

247 3142 410 3207 sensimus
432 3143 541 3207 infrrso
566 3143 771 3229 lympharum
796 3165 867 3208 rore
889 3164 1041 3228 superne.

246 3266 353 3330 usque
379 3243 459 3310 adeo
484 3246 521 3309 in
544 3246 641 3310 rebus
666 3244 762 3310 solidi
787 3245 836 3309 nil
863 3266 933 3309 esse
952 3243 1093 3312 videtur.

248 3348 307 3414 sed
333 3349 412 3434 quie
435 3371 512 3415 vera
534 3358 646 3415 tamen
669 3349 754 3414 ratio
778 3358 961 3432 naturaque
987 3368 1096 3411 rerum

247 3451 344 3562 cogit,
367 3451 452 3529 sdes,
474 3451 586 3538 paucis
608 3451 688 3516 dum
710 3452 856 3516 versibus
878 3450 1090 3537 expediamus

250 3578 321 3622 esse
337 3579 486 3643 eaquae
509 3556 609 3622 solido
629 3565 729 3642 atque
749 3565 882 3620 aeterno
900 3576 1031 3642 corpore
1055 3564 1211 3636 constent,
1257 3573 1320 3641 500

158 3716 345 3780 mauguin
355 3716 587 3782 lorjacrieoiAB.
610 3715 766 3781 furereNioo.
779 3715 1054 3765 Flor.310amb.etc.
1152 3715 1201 3767 469
1219 3717 1319 3768 Teucris

159 3800 213 3850 Ed.
225 3800 266 3849 lor
277 3802 360 3849 terrie.
387 3808 490 3862 persen
500 3799 581 3849 Lech.
608 3801 697 3849 melis
712 3798 791 3848 Bern.
818 3799 889 3847 rebus
903 3796 995 3847 Lamb.
1024 3799 1096 3847 tevit
1113 3795 1166 3846 aad
1183 3799 1320 3861 &monibus

159 3881 237 3931 Wau
337 3881 388 3930 480
408 3882 491 3931 cluere
508 3881 531 3931 B
548 3896 612 3931 ocrr.
628 3881 699 3930 Flor.
716 3882 749 3930 30
764 3895 828 3930 corr.
847 3878 935 3929 Camb.
948 3880 987 3929 lor
1003 3881 1078 3930 luere.
1111 3887 1204 3929 constet
1215 3881 1238 3929 A
1248 3881 1319 3933 Nice.

159 3971 260 4015 comm
270 3963 293 4013 B
305 3962 379 4013 coa.
478 3964 529 4012 484
545 3964 639 4027 quoeB
652 3978 715 4013 corr.
728 3962 819 4013 (lamb.
833 3976 896 4012 corr.
913 3962 952 4011 lor
966 3978 1024 4025 quc.
1122 3962 1172 4012 486
1188 3963 1321 4025 Stinpuere

161 4044 218 4094 ΑΒ.
240 4045 370 4107 Staium
380 4044 478 4095 Aaou.
486 4043 558 4094 Nica.
567 4044 619 4094 and
629 4044 665 4094 all
676 4044 742 4094 later
751 4058 815 4093 mss.
827 4042 879 4093 end
890 4042 943 4093 eds.
955 4042 1041 4092 belore
1051 4042 1146 4092 Lech:
1157 4044 1280 4095 butFlor.
1289 4049 1322 4096 30

160 4125 212 4176 lm
222 4125 355 4188 Sumere
365 4125 396 4177 ln
405 4139 490 4188 πως.
587 4127 637 4176 489
653 4124 734 4175 ΙιωΙι.
746 4124 876 4188 strangely
883 4123 957 4173 reads
968 4125 1072 4182 calam,
1079 4139 1107 4186 p.
1116 4138 1136 4172 a
1148 4125 1272 4175 domem
1282 4127 1321 4175 ΟΖ.

160 4205 821 4271 κυίίὼοαίῐ,1ἰὶοηῡοηονα11,ποτοαςοοᾱ
836 4203 1269 4268 instmceolaverysolidtblng:
1287 4206 1323 4254 all

160 4304 227 4342 msa
239 4290 306 4343 lure
319 4295 385 4344 coeli
400 4290 455 4343 and
468 4296 507 4340 aa
542 4306 572 4340 ac
587 4290 682 4341 Arane.
698 4288 756 4339 first
773 4289 814 4337 ior
830 4289 871 4336 ad
970 4285 1018 4336 491
1031 4286 1160 4349 ferventia
1171 4282 1236 4333 un.
1248 4283 1322 4333 Junt.

161 4371 318 4424 mamb.
329 4372 372 4425 cd.
385 4372 400 4423 1
412 4372 455 4423 lor
459 4371 581 4436 sensati.
657 4369 706 4422 499
723 4366 858 4419 tseaBrix.
869 4365 930 4417 Ver.
940 4364 1006 4415 Ven.
1017 4365 1132 4416 lorcam.
1207 4364 1324 4414 ὅθθοωι·
