3092 4984
260 302 324 367 226
821 298 851 360 V

345 477 412 520 000
433 455 497 521 alia
518 455 614 541 longe
636 454 761 519 ratione
785 474 823 519 sc
845 474 941 539 saepe
964 453 1121 533 videmus,
1349 458 1412 537 460
1462 543 1466 549 .

347 582 446 627 aurea
468 581 543 626 cum
567 559 709 645 primum
733 557 929 644 gemmantis
952 579 1024 625 rore
1044 581 1103 645 per
1123 559 1241 626 herbas

232 717 236 724 -
345 670 509 737 matutina
529 668 648 733 rubent
669 667 787 732 radiati
808 666 934 731 lumina
955 667 1031 732 solis

346 774 563 858 exhalantque
585 771 673 836 lacus
695 769 850 835 nebulam
871 769 1029 856 fluviique
1050 793 1217 857 perennes,

345 878 479 965 ipsaque
498 883 537 939 ut
560 873 725 938 interdum
750 872 848 938 tellus
868 872 994 938 firmare
1020 873 1159 956 videtur;

345 981 456 1046 omnia
477 1000 562 1065 quae
585 998 712 1042 sursum
735 997 810 1040 cum
834 977 1055 1056 conciliantur,
1079 979 1116 1043 in
1139 980 1207 1045 alto
1348 981 1408 1062 465

344 1104 475 1169 corpore
498 1089 646 1146 concreto
668 1080 847 1144 subtexunt
869 1080 983 1145 nubila
1003 1081 1136 1147 caelum.
1181 1137 1185 1142 ,

344 1187 390 1251 010
412 1186 513 1272 igitur
537 1193 610 1248 tum
633 1205 668 1248 se
690 1182 770 1247 levis
794 1204 831 1247 ao
855 1182 1003 1248 diffusilis
1019 1185 1136 1250 aether

344 1309 473 1374 corporo
495 1295 642 1352 concreto
666 1284 883 1351 circumdatus
905 1284 1050 1372 undique
1066 1288 1164 1374 flacit

343 1400 379 1459 et
401 1392 468 1458 late
491 1389 628 1456 diffusus
650 1390 686 1454 in
707 1390 813 1455 omnis
835 1388 980 1476 undique
1003 1393 1107 1477 partis
1192 1427 1195 1437 ι

344 1494 454 1561 omnia
475 1494 521 1559 sic
544 1494 637 1558 avido
661 1493 831 1578 complexu
854 1502 962 1558 cetera
982 1496 1110 1580 saepsit
1348 1515 1412 1581 470

343 1597 432 1664 hunc
454 1597 586 1664 exordia
609 1606 686 1663 sunt
709 1597 785 1662 solis
808 1597 970 1683 lunaeque
995 1605 1113 1677 secuta,

343 1697 567 1785 interutraque
590 1700 678 1785 globi
701 1721 839 1785 quorum
862 1708 1036 1765 vertuntur
1058 1700 1094 1764 in
1114 1700 1216 1783 auris3

343 1827 427 1891 quae
447 1826 552 1890 neque
575 1812 663 1868 terra
682 1804 744 1868 sibi
765 1802 901 1867 adscivit
924 1824 984 1867 nec
1007 1804 1168 1867 maximus
1192 1804 1313 1882 aether,

343 1908 430 1995 quod
453 1930 559 1993 neque
581 1915 650 1972 tam
672 1906 806 1972 fuerunt
827 1905 939 1990 grevia
957 1915 996 1971 ut
1015 1906 1166 1990 depressa
1188 1907 1346 1984 sederent,

341 2033 402 2076 nec
425 2012 509 2076 levia
530 2018 569 2075 ut
589 2018 720 2095 possent
743 2031 801 2094 per
824 2030 966 2073 summas
990 2007 1092 2073 labier
1113 2030 1193 2086 oros,
1345 2023 1407 2091 475

343 2122 379 2180 et
403 2122 515 2180 tamen
538 2113 764 2198 interutraquc
788 2113 837 2176 ita
859 2120 937 2177 sunt
958 2119 997 2177 ut
1020 2134 1153 2199 corpora
1176 2113 1251 2179 viva

342 2227 472 2283 versent
495 2226 530 2282 ct
552 2226 661 2302 partes
683 2225 723 2281 ut
745 2213 861 2280 mundi
884 2214 986 2280 totius
1009 2223 1137 2296 extent5

342 2320 429 2407 quod
450 2341 552 2405 genus
574 2319 609 2382 in
631 2318 724 2382 nobis
746 2316 906 2403 quaedam
928 2316 1005 2383 licet
1026 2318 1062 2381 in
1082 2319 1223 2384 statione

342 2423 489 2487 membra
511 2443 651 2495 manere,
675 2429 786 2486 tamen
810 2443 885 2486 cum
908 2420 975 2486 sint
998 2443 1037 2486 ea
1060 2444 1144 2508 quae
1165 2431 1365 2490 moveantur.

341 2527 393 2592 his
416 2527 517 2612 igitur
538 2527 636 2591 rebus
660 2526 809 2591 retractis
830 2533 918 2591 terra
940 2535 1083 2613 repente,
1344 2532 1410 2609 480

341 2651 496 2695 maxuma
516 2652 583 2716 qua
604 2652 692 2695 nunc
714 2652 748 2695 se
767 2631 860 2716 ponti
883 2631 980 2716 plaga
1002 2632 1131 2697 caerula
1153 2633 1269 2710 tendit,

342 2731 478 2798 succidit
502 2741 537 2797 et
559 2733 642 2797 salso
665 2732 803 2798 suffudit
825 2733 953 2819 gurgite
976 2733 1083 2800 fossas

342 2836 441 2921 inque
462 2834 531 2899 dics
554 2843 676 2920 quanto
699 2836 820 2900 circum
843 2837 947 2923 magis
970 2838 1111 2903 aetheris
1134 2847 1243 2904 aestus

342 2945 377 3004 et
399 2937 481 3003 radii
504 2938 580 3003 solis
601 2940 760 3025 cogebant
780 2940 927 3025 undique
948 2947 1068 3006 terram

339 3040 526 3107 verberibus
546 3040 665 3106 crebris
686 3049 833 3107 extrema
856 3042 898 3107 ad
920 3041 1036 3108 limina
1058 3041 1096 3110 10
1119 3050 1238 3122 adum,
1343 3047 1405 3127 485

254 3233 290 3270 00
302 3232 353 3271 ms.
370 3217 510 3284 authority,
530 3217 630 3282 though
648 3216 741 3269 hamb.
759 3218 853 3283 idssly
869 3233 929 3284 says
947 3219 983 3271 all
1001 3233 1065 3270 mss.
1082 3218 1150 3272 haro
1165 3219 1197 3272 it.
1294 3220 1345 3272 161
1360 3222 1417 3272 413·

253 3304 584 3367 saumaricum.
616 3303 879 3353 amur...naalare
892 3302 986 3353 Lech:
1004 3302 1128 3354 aviolsnt
1142 3302 1239 3367 change
1249 3303 1334 3354 which
1348 3304 1411 3368 only

253 3384 362 3448 impairs
372 3385 418 3436 tho
428 3385 524 3449 besuty
534 3385 561 3435 01
572 3383 618 3435 the
629 3399 745 3448 passage.
843 3385 893 3436 488
903 3387 979 3449 flexit
990 3384 1071 3434 Lcob.
1082 3385 1123 3435 lor
1132 3388 1238 3449 saepsit:
1255 3389 1350 3450 saepsit
1360 3385 1409 3437 has

254 3479 326 3516 come
345 3466 413 3516 from
428 3465 487 3517 470.
584 3465 633 3517 471
649 3472 742 3515 secata.
776 3468 876 3514 ‘secuto
891 3472 916 3513 ct
929 3464 965 3514 Υ*
985 3464 1042 3530 (1.0.
1054 3478 1102 3514 our
1113 3465 1144 3530 A)
1161 3479 1221 3529 says
1237 3466 1409 3529 Havercamp.

254 3546 436 3610 Thisisquite
447 3548 526 3598 iales:
542 3547 642 3610 though
658 3547 693 3598 he
708 3547 761 3597 had
777 3545 992 3598 Aandeeiors
1007 3545 1074 3606 him,
1090 3547 1125 3597 he
1138 3545 1411 3611 hasohossntooopy

253 3630 299 3677 001
316 3627 379 3686 this,
396 3629 495 3679 asuell
512 3642 541 3678 as
557 3629 631 3679 thrse
649 3629 751 3679 lonrths
768 3629 796 3680 01
810 3630 853 3680 his
864 3629 998 3680 worthlees
1012 3630 1117 3682 various
1130 3629 1258 3693 mcdings,
1275 3631 1344 3680 trom
1362 3630 1410 3681 the

253 3707 397 3758 booksallsr
413 3708 541 3758 Tonson's
560 3709 671 3760 London
687 3711 728 3761 ed.
743 3712 771 3761 01
791 3713 863 3770 1711,
881 3711 965 3761 which
982 3711 1053 3775 gives
1073 3711 1242 3761 ‘collationes
1258 3709 1340 3759 trium
1358 3724 1409 3760 ms.

253 3787 371 3840 wdicum
378 3789 466 3840 Vossii
477 3805 493 3840 0
503 3789 546 3840 Β*
556 3790 619 3841 Viro
629 3792 670 3841 iu·
683 3793 794 3843 (100000
806 3794 833 3845 8.
841 3793 872 3843 ’1.
880 3794 909 3843 Ρ.
921 3794 1029 3845 10010οἐ
1040 3794 1096 3844 this
1106 3793 1213 3844 collator
1223 3806 1284 3856 says
1296 3794 1408 3849 1000010,

254 3875 284 3922 h.
291 3871 324 3921 V.
337 3871 369 3920 1.’
402 3872 512 3922 Havete.
524 3872 610 3936 copies
623 3888 688 3925 evan
702 3874 748 3925 the
763 3890 866 3926 comma
882 3875 934 3926 and
947 3876 1094 3929 1100111010
1108 3875 1152 3926 his
1168 3875 1209 3926 sd.
1243 3873 1308 3924 This
1322 3873 1347 3924 is
1361 3874 1409 3924 bnt

253 3968 303 4004 ons
313 3953 341 4002 01
350 3967 367 4003 0
376 3951 508 4003 thousand
522 3954 654 4005 100100000
665 3956 693 4005 01
709 3955 752 4005 his
768 3956 950 4020 unprinoipled
961 3957 1039 4009 010110.
1138 3957 1187 4010 471
1203 3956 1253 4008 476
1268 3956 1408 4020 laurata

253 4050 301 4099 que
311 4033 392 4084 Laob.
404 4048 434 4084 as
449 4034 536 4084 bsiore
551 4036 591 4084 tor
603 4036 674 4086 Inter
687 4044 814 4100 auosque.
912 4038 962 4091 474
973 4039 1088 4103 sumunt.
1111 4039 1212 4102 simut
1222 4037 1300 4087 Pont.
1311 4036 1408 4087 Avano.

253 4115 305 4169 and
324 4117 426 4180 strange
443 4118 472 4166 1ο
489 4130 536 4180 say
546 4117 639 4168 Lamb.
650 4118 708 4169 who
723 4119 800 4170 made
815 4119 838 4170 it
853 4119 899 4171 the
909 4121 978 4184 vulg.
994 4121 1082 4172 bators
1096 4119 1178 4170 Lech.
1275 4119 1325 4168 481
1342 4120 1408 4169 sabe

251 4200 359 4264 atffadit
375 4199 399 4249 A
414 4213 478 4249 corr.
496 4197 589 4249 Lanib.
609 4200 649 4249 ior
667 4202 746 4251 001000
762 4202 862 4264 offudit.
894 4204 961 4253 saiso
980 4204 1084 4266 suffodit
1100 4202 1172 4252 Nice.
1189 4199 1258 4251 Flor.
1267 4200 1299 4251 s1
1317 4199 1407 4250 camb.

252 4281 323 4332 bion.
335 4282 384 4331 stc.
394 4279 469 4332 was
566 4279 615 4329 488
632 4288 740 4330 extrema
755 4283 792 4332 cd
807 4283 936 4332 liminata
946 4281 1090 4333 crtamEd.
1101 4281 1262 4331 terestrem
1271 4279 1408 4329 01110100

248 4370 359 4428 parton:
375 4360 518 4415 1100000110
533 4360 667 4426 neglected
680 4363 709 4412 10
719 4363 793 4415 write
810 4366 856 4414 ina
871 4363 953 4425 twice,
971 4363 1024 4415 001
1039 4363 1122 4414 101111
1137 4362 1318 4425 upthavarss
1328 4361 1408 4410 wrote
