3092 4984
699 262 717 327 Ι
1248 282 1289 350 57

203 423 247 481 ιιι
270 438 387 483 verear
407 437 450 482 ne
471 414 568 481 tania
588 414 679 501 prius
699 439 758 503 per
779 418 926 485 membra
947 430 1094 487 senectus

205 532 320 607 serpat
342 532 378 587 et
400 522 436 585 in
457 521 552 586 nobis
574 520 656 586 vitai
676 522 818 587 claustra
838 524 984 603 resolvat
1224 541 1286 610 415

205 647 311 710 quam
332 624 398 690 tibi
419 624 462 690 de
484 624 600 710 quavis
621 647 687 689 una
707 648 743 690 re
764 625 910 691 versibus
931 626 1036 693 omnis

205 738 482 814 argumentorum
503 728 547 811 sit⁴
569 728 662 813 eopia
682 728 782 813 missa
802 752 861 814 per
880 730 974 797 auris

251 831 322 898 Sed
345 854 434 897 nune
456 840 495 896 ut
515 839 662 915 repetam
683 839 835 918 coeptum
856 843 1024 918 pertexere
1044 835 1148 914 dietis,

206 935 318 1000 omnis
341 943 380 1000 ut
402 944 454 999 est
475 934 576 1020 igitur
598 955 711 1019 perse
732 946 851 1023 natura
872 936 998 1002 duabus

206 1041 359 1105 constitit
381 1040 418 1103 in
438 1039 555 1124 rebus:⁸
575 1060 653 1103 nam
672 1060 807 1124 eorpora
827 1047 904 1105 sunt
925 1050 960 1106 et
982 1041 1089 1127 inane,
1222 1059 1289 1125 420

204 1149 293 1215 haec
315 1150 351 1214 in
373 1170 439 1234 quo
460 1149 524 1214 sita
545 1158 623 1214 sunt
644 1158 766 1234 etqua
787 1150 913 1216 diversa
934 1162 1113 1219 moventur.

206 1277 328 1341 eorpus
350 1255 440 1318 enim
462 1275 520 1338 per
541 1275 575 1319 se
598 1253 776 1317 eommunis
798 1241 927 1319 dedicat
948 1275 1017 1319 esse

206 1380 346 1438 sensus3
366 1356 421 1421 cui
442 1356 504 1421 nisi
525 1355 632 1442 prima
652 1355 732 1420 fides
753 1355 890 1421 lundata
911 1356 1041 1435 valebit,

207 1461 295 1526 haut
318 1460 382 1526 erit
404 1459 539 1525 occultis
560 1457 602 1524 de
625 1459 810 1544 rebusque
832 1460 1008 1525 referentes

208 1563 404 1628 eonfirmare
427 1562 530 1628 animi
553 1563 728 1648 quiequam
749 1563 875 1628 ratione
896 1585 1061 1648 queamus
1220 1580 1283 1648 425

209 1676 286 1732 tum
307 1689 402 1753 pun-0
421 1666 511 1767 logus
533 1689 572 1732 ae
595 1667 745 1752 spatium,
770 1666 857 1752 quod
879 1666 977 1732 inane
999 1690 1158 1748 vocamus,

211 1771 242 1836 si
263 1771 395 1836 nullum
414 1771 507 1850 foret,
529 1771 612 1836 hant
634 1792 774 1855 usquam
797 1772 860 1859 sita
882 1793 1013 1855 corpora
1034 1784 1166 1857 possent

210 1895 283 1938 esse
304 1895 412 1958 neque
436 1874 567 1939 omnino
591 1895 756 1958 quoquam
777 1872 905 1937 diversa
927 1894 1056 1953 meare3

209 1977 247 2042 id
269 1976 359 2063 quod
381 1977 448 2041 iam
471 1998 589 2069 uipera
610 1976 673 2040 tibi
696 1974 794 2061 paulo
817 1974 1017 2039 ostendimus
1040 1985 1124 2042 ante.

209 2090 382 2167 praeterea
403 2080 452 2145 nil
475 2078 635 2165 estquod
658 2078 760 2163 possis
786 2077 893 2142 diaere
915 2077 957 2142 ab
980 2078 1069 2143 omni
1222 2096 1289 2162 430

210 2206 343 2270 corpore
365 2184 548 2249 seiunctum
571 2192 797 2268 secretumque
821 2203 890 2247 esse
912 2182 954 2246 ab
978 2182 1076 2261 inani,

211 2288 300 2375 quod
323 2288 418 2375 quasi
440 2289 539 2354 tertia
561 2288 605 2354 sit
627 2310 763 2355 numero
786 2296 903 2353 natura
926 2296 1063 2373 reperta

210 2416 289 2458 nam
313 2394 541 2480 quodcumque
565 2394 638 2482 erit,
659 2415 728 2459 esse
750 2393 874 2478 aliquid
897 2393 1029 2459 debebit
1052 2393 1086 2459 id
1108 2394 1215 2482 ipsum
1222 2418 1232 2478 3

118 2512 185 2580 435
210 2496 265 2562 eui
288 2497 317 2561 si
341 2505 450 2588 taetus
473 2497 536 2563 erit
558 2498 706 2583 quamvis
730 2498 810 2563 levis
832 2498 1041 2585 exiguusque,

117 2620 190 2685 434
211 2601 366 2687 augmine
389 2600 443 2665 vel
464 2600 580 2686 grandi
603 2601 657 2665 vel
679 2622 779 2686 parvo
801 2599 950 2686 denique,
974 2601 1054 2689 dum
1077 2602 1129 2679 sit,
1218 2616 1281 2685 435

211 2705 351 2791 eorporis
372 2705 507 2791 augebit
529 2727 702 2770 numerum
725 2726 950 2790 summamque
973 2714 1136 2791 sequetur.

211 2809 263 2874 sin
285 2808 434 2897 intactile
458 2809 532 2895 erit,
553 2809 645 2873 nulla
667 2808 709 2873 de
731 2818 823 2894 parte
842 2808 934 2893 quod
956 2810 1058 2874 ullam

209 2934 282 2978 rem
302 2912 475 2997 prohibere
499 2921 599 2997 queat
624 2933 683 2997 per
704 2933 739 2977 se
761 2911 899 2976 transire
922 2920 1099 3001 meantem,

210 3018 334 3083 scilieet
357 3018 419 3081 boe
441 3016 475 3081 id
500 3017 573 3101 exit,
594 3038 733 3081 vaenum
756 3016 844 3101 quod
868 3016 964 3080 inane
986 3039 1147 3087 vocamus.

208 3128 380 3208 praeterea
401 3142 460 3206 per
482 3143 517 3186 se
539 3120 765 3213 quodcumque
789 3120 861 3197 erit,
885 3127 944 3184 ant
967 3119 1065 3184 faciet
1087 3122 1170 3206 quid
1218 3140 1285 3205 440

209 3232 270 3288 aut
292 3222 366 3288 aliis
389 3221 482 3309 fungi
505 3223 637 3288 debebit
660 3223 835 3309 agentibus
857 3221 967 3307 ipsum

209 3338 270 3394 aut
293 3327 357 3393 erit
380 3337 420 3393 ut
440 3328 565 3413 possint
588 3328 624 3392 in
647 3350 687 3394 eo
708 3350 760 3393 res
782 3349 851 3394 esse
874 3327 1019 3412 gerique.

209 3440 246 3497 at
268 3432 375 3497 faeere
399 3438 434 3496 et
456 3431 550 3517 fungi
572 3431 642 3497 sine
666 3451 797 3516 corpore
818 3429 909 3493 nulla
931 3435 1039 3514 potest
1062 3451 1113 3495 res

208 3555 270 3599 nec
292 3533 449 3619 praebere
471 3516 579 3597 lecum
601 3555 694 3619 porro
717 3532 781 3596 nisi
804 3531 900 3598 inane
924 3554 1113 3619 vacansque.

210 3658 287 3722 ergo
308 3644 438 3721 praeter
460 3636 558 3701 inane
581 3646 616 3700 et
638 3658 770 3721 corpora
792 3636 891 3701 tertia
910 3658 970 3722 per
992 3659 1027 3702 se
1217 3654 1280 3724 445

209 3739 303 3804 nulla
324 3748 433 3825 potest
456 3761 566 3805 rerum
589 3739 625 3805 in
647 3761 784 3806 numero
805 3749 923 3806 natura
945 3741 1094 3829 relinqui,

120 3923 276 3988 &eilangoa
303 3925 631 3988 mandafleinadnms.
651 3928 735 3977 notes.
834 3928 882 3979 43⁵
901 3927 1282 3995 fflrightlytransposedby

118 4005 217 4057 Indu
234 4007 365 4059 mutuum
380 4008 468 4059 belurs
483 4008 541 4059 him
556 4009 626 4060 Flos.
642 4011 675 4060 32
691 4009 720 4059 in
734 4008 901 4073 marginhnd
914 4010 1281 4074 tnnnota‘vtdeturpropa

118 4103 183 4138 nm
199 4090 306 4139 lentum
321 4089 354 4141 de
370 4105 485 4154 corpore,
503 4091 611 4142 diaende
627 4095 750 4154 Ammine
768 4094 809 4141 vel
826 4094 889 4151 αις
907 4107 960 4141 non
975 4091 1047 4142 enim
1061 4092 1219 4142 conveniunt
1235 4092 1283 4141 ills

117 4169 174 4220 nisi
187 4170 297 4234 eurpmi.
324 4187 386 4222 eum
401 4176 492 4223 tamen
506 4172 538 4224 de
552 4173 626 4225 inani
640 4189 741 4237 quoque
753 4173 913 4225 intellexisse
928 4176 1056 4237 spumat,
1072 4189 1103 4224 ex
1118 4174 1166 4223 illu
1181 4174 1230 4222 Sia
1243 4175 1282 4221 ia·

117 4255 269 4304 Μιιινίι
280 4258 329 4306 utu.
341 4255 711 4321 diffitendumdiligentina’.
740 4255 815 4306 'lben
826 4255 1117 4317 abottomuilsgatu:
1127 4254 1282 4315 Nusaquod·

116 4338 308 4402 mquam
325 4340 349 4389 ιι
366 4341 603 4403 humamanam
619 4339 942 4404 va...0aporu...patebit
960 4341 1067 4391 sermo'.
1164 4334 1214 4384 442
1227 4348 1282 4398 pue
