3092 4984
685 330 740 395 III

216 482 307 569 quod
328 482 482 547 letalibus
503 483 547 547 ab
568 483 666 547 rebus
687 482 818 547 munita
840 492 981 561 tenetur,

216 592 279 650 aut
299 584 377 670 quia
398 607 466 649 non
487 584 628 649 veniunt
650 584 784 649 omnino
805 585 914 650 aliena
934 585 1050 650 salutis

216 697 279 752 aut
300 687 483 773 quisquae
505 687 644 751 veniunt
665 687 777 773 aliqua
798 688 926 753 ratione
948 688 1105 754 reoedunt

216 790 314 875 pulsa
334 790 425 875 prius
447 811 548 875 quam
571 789 651 874 quid
672 800 813 855 noceant
834 792 956 856 sentire
979 813 1147 876 queamus,

216 1004 345 1082 praeter
366 995 455 1060 enim
477 1017 577 1080 quam
599 996 687 1081 quod
710 997 832 1060 morbis
853 1019 928 1061 cum
951 997 1093 1082 corporis
1114 1006 1242 1084 aegret,

219 1097 353 1162 advenit
375 1098 409 1161 id
431 1097 519 1182 quod
541 1119 615 1161 eam
638 1097 680 1161 de
702 1098 799 1162 rebus
821 1120 917 1184 saepe
940 1099 1059 1163 futuris
1228 1102 1289 1181 825

219 1209 362 1265 maoerat
384 1200 485 1285 inque
507 1209 600 1265 metu
623 1200 708 1264 male
731 1200 831 1265 habet
853 1202 1003 1286 curisque
1025 1203 1142 1288 fatigat

218 1302 466 1388 praeteritisque
488 1302 574 1366 male
596 1301 745 1367 admissis
767 1312 902 1388 peccata
924 1303 1117 1369 remordent

221 1406 304 1470 adde
326 1406 468 1470 furorem
489 1405 592 1469 animi
614 1406 782 1491 proprium
804 1415 903 1492 atque
927 1409 1047 1473 oblivia
1069 1432 1186 1487 rerum,

222 1510 304 1575 adde
327 1510 414 1595 quod
436 1510 472 1573 in
493 1510 603 1596 nigras
625 1510 766 1597 lethargi
789 1514 948 1598 mergitur
969 1513 1079 1579 undas.

264 1612 323 1676 Nil
344 1612 444 1698 igitur
465 1634 551 1676 mors
574 1622 625 1677 est
646 1613 687 1677 ad
710 1636 768 1677 nos
792 1636 897 1699 neque
920 1616 1061 1701 pertinet
1084 1616 1196 1694 hilum,
1227 1618 1293 1698 830

221 1715 487 1802 quandoquidem
507 1723 628 1781 natura
648 1717 750 1781 animi
772 1718 918 1782 mortalis
941 1718 1088 1797 habetur,

220 1827 256 1883 et
277 1818 369 1883 velut
389 1827 540 1883 anteacto
562 1819 610 1883 nil
630 1827 779 1905 tempore
801 1821 961 1886 sensimus
985 1823 1083 1907 aegri,

220 1924 263 1989 ad
284 1924 525 2009 oonfligendum
547 1924 755 1989 venientibus
777 1925 923 2010 undique
945 1925 1071 2002 Poenis,

220 2026 331 2091 omnia
353 2048 428 2090 cum
450 2025 528 2090 belli
551 2025 678 2111 trepido
700 2048 855 2091 oonoussa
876 2026 1025 2091 tumultu

220 2131 352 2195 horrida
373 2139 596 2195 oontremuere
618 2131 679 2195 sub
701 2131 778 2195 altis
800 2131 942 2196 aetheris
964 2132 1037 2210 oris,
1229 2137 1268 2215 83
1273 2147 1290 2215 5

221 2234 257 2299 in
279 2234 444 2319 dubioque
465 2235 555 2299 fuere
577 2244 726 2299 utrorum
748 2235 790 2300 ad
812 2258 914 2322 regna
936 2235 1119 2302 cadendum

223 2339 373 2404 omuibus
395 2339 547 2403 humanis
569 2348 653 2404 esset
675 2348 829 2425 terraque
850 2341 1005 2427 marique,

222 2443 275 2522 sic,
297 2444 354 2508 ubi
374 2466 440 2508 non
462 2444 591 2521 erimus,
614 2467 689 2509 eum
711 2446 852 2531 corporis
875 2456 974 2531 atque
996 2445 1118 2510 animai

222 2546 394 2612 dissidium
415 2548 514 2613 fuerit
537 2549 655 2634 quibus
680 2571 699 2614 e
723 2571 836 2615 sumus
860 2551 969 2616 uniter
991 2552 1069 2638 apti,

222 2650 342 2715 scilieet
363 2649 452 2715 haud
474 2652 569 2716 nobis
591 2652 774 2738 quiequam,
799 2654 855 2739 qui
877 2677 944 2720 non
966 2655 1087 2722 erimus
1108 2664 1189 2738 tum,
1229 2660 1294 2739 840

222 2755 365 2820 accidere
388 2756 520 2820 omnino
543 2756 663 2841 poterit
685 2779 882 2843 sensumque
904 2780 1041 2839 movere,

221 2880 287 2923 uon
308 2858 336 2923 si
357 2866 446 2923 terra
466 2859 549 2923 maii
572 2859 761 2924 miscebitur
786 2869 821 2925 et
843 2883 931 2926 mare
953 2861 1049 2928 caelo.

222 2969 256 3025 et
277 2961 306 3025 si
326 2961 393 3025 iam
415 2970 525 3026 nostro
547 2962 649 3026 sentit
671 2961 712 3026 de
735 2983 866 3047 corpore
888 2972 1061 3048 postquam

221 3065 406 3132 distractast
429 3066 531 3130 animi
553 3074 673 3131 natura
696 3066 890 3152 animaeque
913 3075 1068 3152 potestas,

129 3260 241 3307 violento
252 3259 351 3307 satem
362 3255 466 3315 molem,
479 3257 532 3305 Ast
546 3258 625 3305 oliam
640 3258 754 3320 quamvis
768 3257 865 3305 claime
881 3256 1015 3318 importare
1030 3256 1132 3319 pericli,
1150 3255 1202 3306 Nee
1216 3270 1293 3318 porro

129 3348 225 3390 natura
237 3342 286 3389 loci
296 3343 458 3402 spectentque
472 3341 595 3403 profundi
609 3341 713 3404 Deficit,
732 3341 837 3401 esparsi
853 3354 902 3401 quo
916 3336 998 3399 possit
1010 3336 1050 3386 vis
1065 3336 1163 3387 animai
1178 3339 1228 3386 Aut
1239 3340 1294 3387 alio

128 3425 222 3486 queuis
232 3420 318 3483 possit
326 3424 353 3469 vi
360 3422 435 3483 palm
443 3423 535 3483 perire,
546 3420 626 3469 Haud
635 3422 716 3481 ipitur
727 3421 772 3468 teti
780 3420 914 3481 praestum
925 3426 960 3467 est
972 3421 1050 3468 tomis
1062 3418 1168 3468 menti'.
1245 3420 1294 3469 820

130 3505 247 3553 &tatibus
263 3502 355 3552 lamb.
373 3503 414 3551 lor
428 3503 558 3551 vantibus.
648 3501 722 3550 After
737 3502 786 3548 823
802 3514 901 3549 averse
917 3498 941 3548 is
957 3500 1017 3557 lost,
1035 3499 1118 3549 which
1135 3498 1215 3549 Laeli.
1232 3498 1295 3549 thus

129 3586 257 3648 supplies,
276 3587 363 3634 Multo
384 3592 465 3633 tomen
484 3591 591 3645 tonparst
609 3586 721 3631 aruntem
739 3583 817 3639 omia,
835 3584 914 3630 mutto
928 3584 1034 3644 pericla,
1068 3581 1133 3631 Mar.
1149 3580 1295 3631 Aleland

130 3668 208 3717 Jnnt.
224 3667 308 3716 insert
328 3666 394 3716 alter
413 3668 462 3715 820
481 3666 527 3715 the
547 3665 684 3727 following,
702 3666 806 3714 Scilicet
825 3680 842 3713 a
861 3679 921 3713 vera
938 3666 1008 3724 lonae
1025 3665 1123 3713 ratione
1141 3670 1294 3723 rentotumst3

129 3747 218 3797 which
235 3747 328 3797 lamb.
348 3746 474 3804 retained,
494 3746 542 3796 but
562 3744 653 3808 placed
672 3745 738 3794 aiter
755 3746 813 3794 828.
920 3745 969 3793 824
980 3746 1094 3793 mortiet
1112 3760 1167 3793 cum
1185 3746 1295 3808 corporis

129 3830 281 3891 umas.
314 3832 405 3879 mortis
419 3830 514 3879 Arane.
533 3829 605 3878 first:
622 3843 657 3878 no
676 3827 789 3877 ‘Italus’
807 3827 894 3877 belota
910 3826 975 3876 him.
1008 3833 1091 3888 tepret
1109 3826 1161 3876 Gil.
1179 3826 1207 3875 in
1220 3829 1295 3876 notes

130 3913 230 3977 rightly
244 3913 285 3962 lor
299 3915 389 3973 ararit.
422 3912 502 3970 Niso,
520 3911 640 3961 deceived
658 3911 693 3974 by
707 3913 808 3961 mortiet
824 3910 877 3960 and
893 3909 1015 3971 thinking
1029 3925 1083 3958 mm
1094 3923 1110 3958 a
1120 3909 1296 3972 coniunctiori,

129 4000 210 4047 wrote
221 4012 277 4046 eiam
288 4011 376 4058 empse
386 4002 507 4057 aeprotst.
518 3993 601 4044 ehieh
617 3994 660 4044 led
673 3997 701 4043 to
711 3993 814 4044 endless
825 3993 962 4043 confusion
973 3992 1001 4042 in
1013 3993 1078 4042 later
1089 4007 1152 4041 mss.
1165 3991 1216 4042 and
1227 3990 1295 4040 eds:

129 4092 198 4127 evan
208 4076 303 4127 lamb.
314 4089 367 4125 was
378 4073 479 4131 misled.
492 4073 543 4123 and
555 4074 653 4123 Creeeh
666 4073 717 4123 and
732 4074 821 4124 others
834 4072 922 4123 beloto
933 4071 1011 4121 Lech.
1022 4071 1154 4134 negleetsd
1166 4068 1296 4119 Gilanius'

130 4159 202 4209 nint
303 4158 353 4208 828
369 4165 478 4207 macerat
488 4157 557 4206 Flor.
566 4158 597 4206 81
617 4157 692 4207 Pont.
711 4157 779 4206 Mar.
790 4156 871 4206 elul
888 4156 963 4206 Junt.
979 4155 1150 4205 formauerat:
1167 4155 1211 4216 yet
1219 4150 1297 4202 was

131 4238 293 4290 retains-tha
304 4238 435 4288 soleeism.

165 4320 215 4371 828
232 4321 329 4382 merus.
364 4319 398 4367 ⁸1.
413 4320 519 4382 μίμημ’
537 4317 629 4368 Heius.
641 4316 670 4366 in
688 4331 738 4366 ms.
756 4319 844 4368 notes:
862 4315 1000 4367 Markland
1014 4314 1140 4378 proposed
1157 4313 1203 4364 the
1218 4324 1297 4368 mma,

130 4403 181 4453 but
201 4401 315 4453 without
337 4415 424 4452 sauss.
531 4402 580 4452 885
602 4402 712 4451 aetheris
733 4402 786 4451 oris
811 4399 865 4450 eit.
890 4400 931 4450 ior
950 4401 1059 4449 aetheria
1081 4400 1164 4456 auris3
1193 4392 1246 4445 and
1270 4407 1300 4446 so
