3092 4984
785 343 837 410 IV

320 521 378 564 cur
400 520 439 563 ea
461 519 545 583 quae
567 497 690 563 fuerint
714 498 834 563 iuxtim
858 499 1025 584 quadrata,
1050 495 1161 585 procul
1184 501 1251 566 sint

319 604 388 667 visa
411 600 562 678 rutunda,
585 610 698 667 tamen
721 610 866 688 praestat
888 602 1023 667 rationis
1047 611 1198 689 egentem

319 704 452 770 reddere
476 704 628 770 mendose
652 727 763 770 causas
787 706 958 792 utriusque
983 706 1114 792 figurae,

320 831 419 895 quam
443 808 594 872 manibus
617 810 792 874 manifesta
814 811 880 876 suis
905 811 1056 876 emittere
1079 832 1242 896 quoquam

321 921 355 977 et
378 911 498 977 violare
521 911 620 975 fidem
641 912 780 998 primam
805 921 839 977 et
863 912 1041 978 convellere
1064 921 1135 977 tota
1324 927 1384 994 505

320 1016 533 1081 fundamenta
555 1015 673 1101 quibus
696 1016 830 1080 nixatur
852 1017 921 1081 vita
944 1017 1102 1101 salusque.

319 1143 386 1186 non
410 1119 505 1184 modo
531 1120 618 1184 enim
642 1120 726 1185 ratio
749 1127 824 1184 ruat
849 1121 961 1196 omnis,
987 1121 1057 1185 vita
1078 1141 1207 1205 quoque
1230 1118 1302 1205 ipsa

319 1221 467 1288 concidat
487 1222 661 1306 ,extemplq
684 1222 748 1286 nisi
771 1222 900 1287 credere
923 1222 1069 1287 sensibus
1090 1221 1175 1286 ausis

319 1325 568 1412 praecipitisque
592 1324 675 1389 locos
699 1325 802 1390 vitare
827 1334 861 1390 et
886 1334 994 1390 cetera
1017 1347 1101 1410 quae
1124 1324 1192 1389 sint

318 1429 354 1492 in
376 1449 494 1512 genere
518 1427 579 1492 hoe
601 1427 764 1511 fugienda,
789 1428 882 1512 sequi
905 1427 1066 1491 contraria
1089 1449 1172 1512 quae
1195 1425 1269 1490 sint.
1324 1440 1388 1509 510

318 1531 376 1596 illa
400 1531 461 1596 tibi
485 1537 534 1594 est
558 1530 660 1615 igitur
681 1530 855 1594 verborum
880 1531 973 1615 copia
996 1552 1086 1594 caasa

318 1633 422 1699 omnis
446 1655 529 1719 quae
552 1640 664 1697 contra
686 1653 799 1697 sensus
820 1632 979 1697 instructa
1001 1639 1154 1718 paratust.
1186 1629 1191 1634 ’

318 1735 459 1821 denique
481 1735 577 1800 utin
600 1734 731 1811 fabrica,
756 1735 784 1799 si
807 1742 937 1820 pravast
960 1734 1073 1819 regula
1096 1732 1210 1819 prima

317 1862 495 1925 normaque
518 1841 545 1904 si
568 1838 669 1904 fallax
691 1839 788 1904 rectis
811 1839 995 1925 regionibus
1020 1840 1097 1918 exit,

319 1952 353 2008 et
374 1943 485 2008 libella
507 1942 618 2028 aliqua
643 1942 671 2007 si
695 1964 736 2007 ex
758 1942 844 2028 parti
868 1942 1028 2007 claudicat
1051 1943 1164 2020 hilum,
1324 1959 1382 2025 515

320 2047 430 2112 omnia
455 2045 609 2112 mendose
631 2045 702 2111 fieri
724 2054 824 2131 atque
848 2046 976 2133 obstipa
1000 2070 1130 2113 neeesse
1155 2056 1206 2114 est

318 2173 418 2236 prava
440 2151 594 2216 cubantia
616 2171 718 2236 prona
741 2150 858 2236 supina
881 2160 980 2237 atque
1003 2152 1126 2217 absona
1149 2161 1244 2231 tecta,

317 2257 383 2319 iam
405 2277 497 2319 ruere
519 2263 558 2319 ut
579 2255 738 2340 quaedam
761 2254 934 2320 videantur
955 2255 1046 2334 velle,
1069 2266 1231 2342 ruantque

318 2357 446 2442 prodita
468 2357 595 2420 iudiciis
622 2357 790 2422 fallacibus
813 2360 923 2422 omnia
943 2359 1063 2444 primis,

318 2459 363 2524 sic
385 2460 485 2544 igitur
506 2460 589 2524 ratio
611 2460 673 2524 tibi
694 2482 803 2524 rerum
826 2483 927 2546 prava
949 2469 1110 2527 necessest
1324 2480 1388 2546 520

317 2562 461 2646 falsaque
484 2561 536 2638 sit,
560 2561 648 2625 falsis
671 2583 896 2648 quaecumque
918 2563 960 2627 ab
982 2563 1131 2628 sensibus
1153 2572 1263 2631 ortast.

360 2664 459 2727 Nunc
480 2663 536 2727 alii
558 2685 670 2728 sensus
692 2686 757 2749 quo
779 2673 874 2750 pacto
896 2666 1035 2751 quisque
1057 2689 1150 2732 suam
1172 2690 1241 2732 rem

316 2766 444 2842 sentiat,
467 2765 720 2851 haudquaquam
741 2768 825 2833 ratio
847 2790 999 2854 scruposa
1019 2770 1133 2835 relicta
1154 2779 1212 2836 est.

360 2870 522 2957 Principio
546 2872 677 2936 auditur
701 2895 798 2937 sonus
823 2880 857 2937 et
880 2895 944 2938 vox
967 2874 1080 2955 omnis,
1106 2876 1141 2940 in
1164 2877 1251 2941 auris

251 3028 258 3036 .
316 2976 482 3041 insinuata
502 2997 560 3040 suo
581 2976 736 3060 pepulere
759 2977 817 3041 ubi
838 2999 970 3063 corpore
992 3000 1132 3044 sensum.
1324 2993 1383 3062 525

316 3101 500 3165 corpoream
521 3102 624 3146 vocem
645 3101 776 3167 quoque
799 3081 887 3145 enim
909 3089 1057 3146 constare
1077 3082 1281 3153 fatendumst

315 3192 350 3250 et
371 3183 522 3263 sonitum,
546 3183 701 3268 quoniam
722 3190 859 3269 possunt
881 3183 1037 3268 inpellere
1058 3206 1179 3251 sensus.

316 3297 485 3375 praetcrea
504 3286 591 3352 radit
611 3309 675 3352 vox
696 3287 806 3353 fauces
827 3308 924 3372 saepe
945 3288 1088 3373 facitque

317 3392 479 3478 asperiora
499 3390 584 3455 foras
605 3389 755 3475 gradiens
779 3390 899 3455 arteria
922 3391 1050 3457 clamor.
1135 3419 1141 3428 ·

316 3496 437 3580 quippe
459 3515 518 3579 per
540 3501 714 3578 angustum
736 3493 835 3558 turba
855 3493 976 3558 maiore
998 3501 1107 3559 coorta
1322 3508 1338 3575 5
1344 3510 1387 3574 30

315 3596 362 3661 ire
384 3597 467 3660 foras
489 3595 547 3659 ubi
573 3604 749 3681 coeperunt
770 3595 947 3681 primordia
967 3617 1092 3672 vocum,

316 3697 436 3763 scilicet
460 3697 581 3782 expleti
605 3719 735 3783 quoque
756 3698 857 3764 ianua
878 3699 1003 3764 raditur
1025 3699 1095 3765 oris

224 3902 401 3968 poterttNioe.
414 3904 563 3966 torpetem.
661 3905 710 3956 514
725 3904 938 3956 atNico.Bcorr.
951 3904 1059 3954 forribr'.
1157 3903 1206 3955 517
1222 3900 1385 3953 PreeaMar.

228 3984 307 4035 Aldu
324 3984 398 4033 Junt.
411 3984 451 4033 lor
458 4000 549 4046 paroc.

260 4066 309 4117 116
324 4081 407 4114 vocem
425 4080 477 4114 om.
495 4066 540 4114 AB
559 4065 644 4115 Nica:
668 4065 765 4130 rightly
783 4065 899 4117 inserted
919 4066 955 4129 by
975 4065 1057 4116 Lech.
1077 4064 1164 4116 before
1186 4079 1284 4128 quoquc
1305 4068 1385 4115 euim:

227 4148 334 4199 Floral
347 4147 436 4197 Gamb.
447 4148 516 4210 vulg.
528 4148 600 4212 place
610 4147 633 4197 it
644 4149 718 4198 atter.
817 4150 866 4199 518
882 4149 1018 4198 Proeaereo
1028 4148 1098 4197 radit
1109 4147 1132 4195 A
1143 4146 1195 4196 end
1206 4146 1307 4196 Gellius
1318 4146 1385 4207 xre,

226 4245 276 4281 one
286 4229 343 4280 vat.
355 4229 430 4278 Pont.
442 4229 537 4279 Arane.
549 4229 654 4293 rightly.
686 4231 824 4294 Propterea
837 4232 908 4280 radit
919 4230 950 4279 B.
983 4231 1089 4279 Praetu
1099 4231 1171 4279 radit
1181 4228 1252 4278 Nico.
1265 4241 1315 4277 one
1325 4227 1385 4278 Vnt.

226 4311 285 4362 Ver.
296 4310 361 4362 Van.
372 4310 475 4361 whence
491 4312 595 4361 Praeter
611 4307 763 4362 redit'cntm
780 4311 889 4361 moral
907 4310 997 4360 (lamb.
1010 4313 1025 4360 11
1037 4311 1096 4359 Vnt.
1112 4310 1184 4360 Brix.
1196 4310 1261 4359 Mar.
1273 4309 1385 4371 Nauger.

225 4394 294 4459 vulg.
327 4395 432 4447 Praeter
442 4395 587 4444 eaimrcdr‘t
603 4392 678 4444 June
775 4393 824 4443 5³2
841 4392 935 4455 expleti
945 4390 1027 4442 Lech.
1038 4391 1079 4441 lor
1089 4393 1203 4455 expletis,
1214 4390 1277 4441 thus
1289 4388 1386 4454 simply
