3092 4984
682 347 731 412 VI
1225 356 1285 436 285

209 522 308 587 quam
330 500 375 568 sit
397 501 535 589 pmvula
555 524 630 589 pars
652 510 687 569 et
708 525 810 590 qnam
831 504 1021 572 multesima
1042 513 1178 584 constet,

213 626 272 669 uec
292 613 365 670 tota
385 628 468 692 pars,
491 605 590 671 homo
611 607 711 672 terrai
732 616 834 693 quote
853 608 955 674 totius
976 613 1071 675 unua

213 707 300 794 quod
323 709 408 775 bene
428 709 632 796 propositum
655 710 802 796 sipiano
824 721 998 777 contueare

212 831 250 873 ac
271 810 383 876 videas
402 811 510 897 plane,
533 812 645 876 mirari
666 812 772 877 multe
793 812 967 900 relinquas

212 916 368 1001 numquis
390 916 478 981 enim
500 925 648 982 nostrum
669 918 809 982 miratur
829 917 931 1003 siquis
954 918 989 983 iu
1011 929 1101 984 artus
1222 921 1284 1003 655

212 1019 338 1106 accepit
359 1021 463 1086 calido
485 1020 603 1087 febrim
624 1023 750 1088 fervore
771 1032 916 1089 mortam

213 1133 272 1188 aut
294 1124 397 1190 &um
418 1126 567 1211 quemvis
588 1125 694 1192 morbi
716 1149 776 1214 per
796 1129 947 1193 membra
968 1127 1133 1195 dolorem?

214 1228 413 1313 opturgescit
436 1228 524 1293 enim
546 1228 655 1294 subito
677 1251 744 1315 pes,
766 1229 881 1315 arripit
902 1252 976 1296 acer

214 1350 312 1415 saepe
334 1328 424 1395 dolor
445 1330 570 1407 dentes,
591 1330 701 1397 oculos
722 1330 850 1398 invadit
871 1332 907 1397 in
928 1333 1023 1419 ipsos,

214 1432 329 1497 existit
350 1454 440 1498 sacer
459 1434 544 1519 ignis
566 1441 601 1499 et
621 1435 688 1501 urit
710 1457 841 1521 corpore
864 1457 995 1523 serpens
1222 1439 1289 1504 660

215 1557 456 1622 quamcumque
478 1536 616 1623 erripuit
637 1537 768 1623 partim,
790 1539 941 1626 repitque
963 1562 1023 1626 per
1044 1547 1144 1619 artus,

214 1638 372 1703 nimirum
393 1638 472 1724 quia
493 1647 571 1704 sunt
591 1641 772 1705 multarum
795 1642 921 1708 semine
941 1663 1060 1722 rerum,

218 1750 253 1807 et
272 1742 353 1807 satis
374 1742 455 1808 haec
476 1742 575 1809 tellus
596 1743 690 1809 nobis
712 1745 904 1832 caelumque
926 1746 1004 1811 mali
1026 1746 1099 1823 sert,

214 1844 302 1909 uude
324 1852 424 1930 queat
445 1843 495 1908 vis
516 1844 667 1910 immensi
689 1867 891 1932 procrescere
914 1847 1029 1913 morbi

216 1947 262 2012 sio
284 1947 386 2034 igitur
407 1946 469 2013 toti
491 1947 580 2013 caelo
600 1956 772 2035 terraeque
794 1948 1011 2034 putandumst
1225 1952 1286 2033 665

217 2072 259 2115 ex
284 2049 413 2115 infinito
439 2049 518 2115 satis
543 2039 655 2115 omnia
679 2049 899 2136 suppeditare,

216 2151 307 2218 unde
330 2159 464 2238 repente
485 2162 586 2238 queat
608 2151 706 2218 tellus
727 2173 882 2218 concussa
909 2151 1031 2218 moveri

216 2278 341 2343 perque
362 2276 452 2320 mare
473 2276 512 2320 ac
532 2262 635 2320 terras
656 2253 790 2341 rapidus
811 2276 997 2341 percurrere
1018 2254 1123 2336 turbo,

218 2359 304 2446 ignis
325 2358 490 2425 abundare
510 2359 686 2437 Aetnaeus,
708 2359 929 2426 flammescere
950 2361 1094 2442 caelum3

219 2464 255 2529 id
276 2486 406 2550 quoque
427 2463 516 2529 enim
538 2464 576 2529 fit
598 2473 633 2530 et
654 2462 828 2529 ardescunt
848 2463 1001 2531 caelestia
1018 2466 1150 2552 templa,
1225 2468 1291 2552 670

220 2576 255 2633 et
276 2573 488 2653 tempestates
509 2565 639 2652 pluviae
660 2566 808 2652 graviore
830 2575 942 2633 coortu

218 2681 305 2749 sunt,
326 2670 385 2736 ubi
407 2671 489 2736 torte
510 2670 559 2736 ita
580 2692 614 2736 se
635 2670 820 2736 tetrderunt
842 2671 968 2737 semina
989 2693 1158 2758 aquarum.

220 2785 274 2843 ‘at
294 2774 392 2842 nimis
414 2784 463 2841 est
485 2775 601 2861 ingens
622 2775 751 2840 incendi
772 2775 924 2841 turbidus
946 2776 1056 2844 ardor?

220 2881 343 2947 scilicet
364 2887 399 2946 et
421 2880 539 2947 fluvius
560 2880 668 2967 quivis
689 2889 738 2946 est
761 2881 924 2947 maximus
946 2882 977 2946 ei

219 2986 276 3072 qui
298 3008 364 3052 non
386 2994 464 3051 ante
485 2986 628 3071 aliquem
650 2986 807 3051 maiorem
828 2985 921 3064 vidit,
944 2994 978 3052 et
999 2986 1113 3073 ingens
1225 2988 1286 3070 675

220 3089 315 3155 arbor
336 3088 499 3174 homoque
520 3087 658 3166 videtur,
682 3097 717 3154 et
738 3087 848 3154 omnia
869 3088 910 3153 de
931 3110 1049 3174 genere
1072 3089 1162 3153 omni

219 3191 364 3257 maxima
385 3212 468 3277 quae
491 3190 574 3256 vidit
595 3191 741 3278 quisque,
764 3192 845 3257 haec
866 3189 1013 3276 ingentia
1033 3189 1138 3275 fingit,

221 3318 297 3361 cum
319 3307 430 3362 temen
452 3296 562 3362 omnia
582 3318 657 3363 cum
679 3297 767 3362 caelo
789 3304 940 3381 terreque
961 3293 1107 3379 merique

220 3397 268 3462 nil
289 3397 356 3462 sint
377 3396 420 3462 ad
440 3419 602 3462 summam
624 3397 764 3463 summai
786 3396 888 3462 totius
910 3416 1047 3461 omnem

265 3501 364 3567 Nunc
384 3510 496 3568 tamen
518 3501 576 3566 illa
596 3502 701 3567 modis
722 3500 842 3588 quibus
863 3498 998 3565 inritata
1018 3505 1153 3585 repente
1227 3499 1292 3565 680

223 3603 356 3670 flamma
376 3605 460 3671 foras
483 3605 581 3671 vastis
601 3605 729 3670 Aetnae
751 3604 933 3669 fomacibus
955 3601 1052 3680 efflet,

222 3709 402 3796 expediam
438 3709 582 3796 primum
603 3710 705 3775 totius
726 3708 869 3774 subcava
889 3706 1012 3772 montis

224 3821 275 3880 est
295 3821 422 3890 natura,
448 3814 516 3880 fere
537 3813 666 3881 silicum
690 3812 826 3879 suffulta
847 3811 1000 3879 cavernis

132 4000 327 4065 despiciendam.
422 4001 470 4052 666
486 3999 623 4063 conupted
633 3999 667 4063 by
678 3998 744 4050 Mar.
752 3998 827 4048 Juut.
836 3997 929 4048 Lemb.
938 4000 988 4048 eto.
1078 3998 1126 4050 666
1139 4001 1294 4064 propositam

132 4084 159 4135 B
171 4096 237 4132 con.
249 4080 309 4132 Ver.
320 4081 386 4133 Vcn.
397 4081 464 4132 Mar.
475 4082 515 4133 ior
524 4085 678 4146 propositus.
713 4084 868 4146 propositam
879 4089 915 4131 est
930 4080 1000 4130 Flor.
1008 4081 1039 4131 sl
1056 4081 1145 4132 camb.
1181 4083 1260 4145 pleae
1271 4083 1293 4131 Β

133 4162 322 4216 commorer
340 4164 431 4214 Camb.
443 4164 515 4215 Mon.
527 4164 664 4227 turpioni.
781 4165 829 4216 666
845 4166 916 4214 uotis
927 4163 992 4213 Mer.
1003 4164 1077 4214 sunt.
1088 4163 1182 4213 Lemb.
1194 4165 1243 4211 ete.
1255 4162 1295 4212 tor

133 4249 215 4300 morbi
225 4245 310 4297 which
321 4246 370 4298 hee
380 4262 453 4298 come
464 4248 531 4297 from
543 4241 601 4298 eet:
639 4248 694 4297 orti
704 4245 786 4297 nach.
892 4245 940 4297 etr
956 4247 1041 4308 quivis
1051 4252 1087 4293 at
1101 4243 1188 4294 Banu.
1199 4243 1295 4303 torqui

134 4329 216 4377 vtem.
249 4330 333 4392 quiris
349 4335 380 4378 at
396 4328 490 4379 Heius.
500 4328 531 4378 iu
544 4341 595 4379 ms.
606 4330 691 4388 umes,
702 4326 754 4377 and
769 4327 806 4376 Is.
817 4325 893 4377 Voss.
904 4326 934 4376 in
948 4339 998 4375 ms.
1013 4327 1098 4373 nom.
1131 4325 1176 4388 qus·
1191 4336 1242 4370 noo
1258 4328 1295 4369 err

136 4405 232 4458 namt.
268 4413 304 4456 est
318 4404 438 4458 isadded
448 4406 554 4459 duret
571 4407 605 4472 by
616 4405 686 4458 Flor.
694 4406 726 4457 61
741 4405 832 4459 camb.
843 4419 893 4457 cae
903 4402 964 4456 vu.
979 4398 1073 4453 namt.
1180 4396 1294 4459 tossen
