3092 4984
822 281 854 346 V

345 465 406 510 neo
425 440 519 507 facile
540 393 582 506 ex
603 444 696 505 aestu
716 459 778 505 nee
798 435 915 524 frigore
937 434 1024 523 quod
1045 443 1216 523 caperetur

345 569 405 613 neo
426 545 572 612 novitate
594 544 658 609 eibi
678 564 740 609 nee
760 542 828 607 labi
849 541 988 628 eorporis
1009 540 1085 607 ulla
1351 553 1416 622 930
1527 589 1528 608 .

345 649 514 735 multaque
535 669 594 734 per
614 646 739 712 eaelum
761 645 836 711 solis
858 643 1022 710 volventia
1042 644 1146 710 lustra

347 750 515 836 volgivago
536 749 640 814 vitam
661 748 845 813 tractabant
865 768 955 811 more
977 746 1129 812 ferarum.

347 876 407 919 nee
428 853 578 918 robustus
599 859 669 917 erat
690 850 781 916 ourvi
801 849 986 915 moderator
1005 848 1106 914 aratri

348 957 530 1044 quisquam,
552 977 613 1021 neo
634 955 738 1021 scibat
759 953 843 1020 ferro
865 951 1008 1018 molirier
1028 974 1106 1018 arva

347 1083 409 1126 neo
429 1083 515 1126 nova
535 1059 685 1125 defodere
707 1059 742 1123 in
763 1067 885 1123 terram
906 1057 1048 1143 virgulta
1067 1077 1173 1143 neque
1194 1053 1271 1121 altis
1352 1066 1413 1138 935

347 1164 515 1230 arboribus
536 1171 662 1229 veteres
683 1162 831 1229 decidere
852 1162 979 1228 falcibu’
999 1183 1114 1227 ramos

348 1266 434 1353 quod
456 1267 503 1331 sol
524 1275 623 1351 utque
644 1265 764 1330 imbres
786 1264 950 1342 dederant,
973 1264 1060 1350 quod
1081 1271 1168 1329 terra
1188 1270 1313 1328 crearat

348 1378 463 1456 sponte
485 1392 550 1448 sua
573 1369 652 1434 satis
673 1368 708 1433 id
730 1369 881 1455 placabat
899 1375 1030 1454 pectora
1049 1368 1180 1434 donum

348 1474 541 1559 glandiferas
562 1474 649 1540 inter
669 1473 828 1539 curabant
849 1494 981 1559 eorpora
1002 1493 1139 1558 quereus

349 1578 558 1664 plerumque3
579 1586 613 1644 et
635 1601 718 1664 quae
740 1600 828 1644 nuno
849 1578 984 1643 hiberno
1005 1585 1151 1662 tempore
1171 1574 1275 1642 semis
1354 1591 1420 1658 940

349 1681 456 1746 arbita
476 1681 614 1768 punioeo
634 1682 705 1747 fieri
726 1691 857 1748 matura
877 1682 990 1759 oolore,

348 1783 490 1869 plurima
511 1791 583 1849 tum
604 1783 703 1849 tellus
723 1783 824 1849 etiam
846 1784 969 1849 maiora
990 1783 1122 1850 ferebat

350 1886 520 1972 multaque
541 1894 709 1971 praeterea
730 1886 858 1952 novitas
879 1895 952 1953 tum
974 1886 1088 1952 florida
1107 1883 1222 1952 mundi

350 1989 470 2076 pabula
491 1988 573 2053 dura
593 1989 680 2067 tulit,
702 1989 829 2054 miseris
851 1989 1041 2055 mortalibus
1062 1989 1178 2074 ampla

350 2101 386 2159 at
406 2093 518 2159 sedare
540 2093 630 2159 sitim
651 2093 744 2159 fluvii
765 2094 936 2180 fontesque
957 2094 1124 2171 vocabant,
1355 2102 1418 2174 945

350 2207 389 2264 ut
410 2221 497 2265 nuno
518 2198 684 2266 montibus
705 2221 724 2264 e
745 2198 872 2285 magnis
893 2199 1045 2264 decursus
1066 2195 1164 2283 aquai

351 2302 448 2369 olaru'
471 2302 552 2369 citat
572 2304 639 2368 lete
661 2301 808 2367 sitientia
828 2301 934 2368 saecla
954 2302 1104 2366 serarum.

300 2481 303 2488 ¹
351 2405 493 2493 denique
514 2414 594 2472 nota
614 2406 689 2492 vagi
710 2405 872 2471 silvestria
893 2404 1018 2489 temple
1038 2402 1196 2469 tenebant

351 2512 576 2598 nympharum,
599 2510 718 2597 quibus
739 2532 758 2577 e
780 2510 906 2576 scibant
928 2507 1040 2574 umori’
1060 2506 1186 2572 fluenta

265 2706 363 2772 ehange
374 2722 458 2759 seems
468 2723 613 2773 neoeseary.
717 2708 767 2761 994
782 2710 895 2759 mediter
907 2706 979 2758 Bria.
990 2706 1066 2758 Junt.
1077 2705 1118 2757 lor
1131 2707 1262 2758 9991199199.
1301 2707 1425 2758 mutae

266 2792 341 2843 Pont.
353 2791 419 2841 Mar.
431 2805 460 2841 as
475 2792 572 2841 Δοοιτ.
670 2792 720 2844 944
736 2793 802 2842 dure
813 2791 871 2841 Vat.
883 2790 1069 2853 9976119999.
1084 2789 1124 2839 ior
1138 2790 1209 2839 diro:
1226 2802 1242 2838 a
1256 2789 1355 2839 oertain
1369 2803 1423 2839 eor·

265 2871 372 2923 reson.
406 2873 451 2921 99
469 2872 566 2921 avano.
664 2872 713 2925 99
731 2874 818 2922 9999
835 2875 899 2922 eur
919 2873 970 2921 ue
982 2858 1112 2933 ’99999
1130 2868 1170 2919 ror
1189 2871 1371 2919 99991999
1390 2877 1423 2919 a.

268 2956 369 3004 019199
384 2955 479 3003 recitet
493 2952 563 3002 Flor.
570 2953 602 3003 e1
619 2953 706 3003 Nat.
718 2953 878 3004 11999191
894 2954 968 3004 Junt.
980 2953 1074 3004 Lamb.
1086 2952 1126 3004 ed
1138 2952 1153 3002 1
1164 2950 1217 3002 and
1226 2953 1252 3003 9.
1287 2953 1424 3002 claricitat

267 3035 317 3083 late
328 3032 419 3083 Lemb.
431 3031 471 3082 ed.
483 3035 499 3083 9
510 3032 577 3082 aiter
588 3032 653 3082 Sim.
664 3032 769 3083 Boeiue.
805 3035 907 3084 Glorior
923 3036 1018 3084 1991191
1035 3032 1148 3084 Politian
1163 3032 1193 3082 in
1208 3031 1371 3095 9199911199.
1382 3033 1423 3084 99.

268 3115 405 3180 0199191191
420 3118 470 3166 loto
485 3115 566 3166 Laoh.
577 3115 635 3165 vho
649 3130 739 3167 eneere
754 3119 782 3167 at
798 3116 934 3180 Forbiger:
951 3115 999 3167 but
1009 3117 1039 3167 in
1048 3115 1095 3167 the
1106 3116 1164 3166 first
1177 3115 1250 3178 plaee
1263 3117 1382 3179 91991ρί19
1395 3128 1425 3164 or

265 3200 363 3261 clerieo
373 3197 449 3248 oould
459 3200 506 3247 991
520 3197 587 3248 have
597 3196 643 3247 the
659 3197 782 3249 99999119
796 3198 897 3262 aseigm
914 3201 943 3248 19
958 3197 989 3260 it,
1001 3198 1055 3249 and
1071 3198 1193 3262 aeeondly
1202 3200 1319 3260 9199919119
1336 3197 1361 3247 is
1376 3199 1423 3247 not

267 3280 319 3330 and
335 3283 431 3330 999991
445 3279 478 3330 be
495 3294 512 3330 a
528 3279 609 3330 Latin
619 3279 696 3339 word,
708 3294 738 3330 ae
754 3280 779 3330 ie
798 3280 886 3331 shevn
902 3280 937 3345 by
951 3280 1053 3332 Ritaehl
1068 3281 1097 3331 in
1111 3280 1154 3332 his
1170 3294 1268 3344 proem.
1282 3280 1369 3330 Bonn.
1384 3280 1424 3329 ior

266 3363 358 3414 winter
368 3364 395 3413 91
408 3364 493 3422 5455,
504 3377 531 3425 9.
543 3378 573 3413 xz
591 3363 662 3413 ‘Lex
676 3366 716 3414 est
730 3363 843 3427 linguae.
854 3367 885 3414 91
899 3363 1010 3415 evertis
1025 3363 1174 3414 derivativis
1185 3377 1250 3426 quae
1261 3377 1315 3413 999
1325 3361 1423 3426 syllaba

266 3443 381 3492 anotiora
399 3444 460 3491 sunt
477 3441 626 3504 primitivis,
637 3457 692 3492 nen
702 3457 819 3505 unquam
833 3457 901 3492 nova
915 3440 1075 3492 derivatione
1085 3440 1163 3491 verba
1176 3439 1297 3491 iteratira
1307 3439 1381 3489 liant.

267 3521 351 3570 Multo
372 3521 456 3583 magis
477 3520 620 3571 eavendum
641 3536 675 3571 99
696 3536 764 3572 novo
783 3523 930 3584 cloriaitore
947 3521 1045 3572 formae
1062 3523 1208 3571 eommento
1227 3519 1424 3583 interpolentur,

266 3602 335 3662 quod
353 3602 469 3651 Lucretii
486 3603 572 3652 versui
586 3619 604 3653 v
617 3604 665 3655 947
685 3605 871 3655 Laohmannns
890 3603 1018 3655 adhibuit.
1051 3602 1127 3667 Quod
1144 3618 1179 3654 ne
1197 3617 1244 3667 per
1262 3617 1291 3653 ee
1309 3601 1423 3665 quidem,

267 3682 347 3730 etiam
359 3681 382 3729 si
393 3683 560 3743 grammatino
570 3682 636 3732 ratio
647 3698 701 3734 non
712 3685 898 3744 adversaretur,
910 3686 1010 3748 plaeere
1021 3687 1122 3749 poeeet:
1140 3686 1195 3734 tam
1205 3699 1260 3734 nen
1269 3683 1348 3735 modo
1358 3683 1424 3734 mira

266 3759 332 3810 iuris
348 3760 445 3823 publioi
462 3761 495 3810 ad
511 3776 675 3814 eommunem
694 3779 773 3817 usum
790 3767 928 3818 1999919119
947 3770 1025 3826 esset,
1035 3781 1126 3818 verum
1145 3766 1226 3817 etiam
1242 3780 1258 3816 9
1275 3764 1381 3829 propria
1397 3764 1424 3817 ri

267 3841 442 3904 9199999999
456 3857 531 3892 aeone
547 3843 660 3896 detorta:
677 3849 707 3896 ut
722 3862 776 3909 qua
791 3863 845 3899 non
861 3863 903 3900 rea
917 3848 1047 3911 quaelibet
1061 3847 1177 3911 quolibet
1186 3846 1265 3898 modo
1275 3847 1425 3910 repetantur

266 3923 428 3987 simplieiter‚
449 3924 495 3975 aed
511 3929 601 3989 raptae
616 3928 659 3978 vel
675 3943 722 3991 per
736 3930 792 3980 vim
807 3932 923 3982 retentae
944 3933 1022 3994 91999
1038 3930 1139 3981 debitae
1156 3927 1318 3981 sollemniter
1336 3942 1424 3991 expoe-

266 4008 379 4058 oantur'.
412 4005 455 4056 He
465 4007 546 4056 refers
556 4011 584 4058 to
594 4008 663 4059 Plin.
674 4011 729 4060 991.
740 4009 804 4060 hiat.
815 4024 872 4061 1111
883 4013 907 4070 5,
919 4011 972 4063 and
981 4026 1104 4076 proposes
1118 4011 1227 4062 himsell
1239 4012 1336 4073 Larou’
1348 4012 1423 4062 ettot:

265 4091 313 4141 bnt
324 4091 404 4139 elome’
416 4103 500 4140 seems
510 4091 538 4140 to
549 4104 592 4141 me
602 4091 674 4153 quite
689 4092 802 4142 tenable·
899 4094 949 4145 949
964 4102 1026 4144 note
1040 4096 1102 4157 9991
1117 4095 1246 4144 alvatere
1255 4091 1337 4143 Laeli.
1349 4091 1423 4142 1999.

265 4173 370 4234 999199.
403 4173 535 4234 reclinari
545 4172 656 4235 Nauger.
670 4173 726 4240 (991
736 4173 822 4238 sunt.)
834 4173 904 4238 vulg.
936 4183 1008 4226 noete
1019 4179 1081 4238 9991
1091 4175 1180 4225 Β9911.
1277 4175 1326 4226 949
1337 4175 1424 4237 991999

266 4256 379 4306 caribant
392 4252 437 4304 AB
448 4253 507 4306 vo.
518 4254 582 4307 1706
596 4255 658 4319 Bes.
672 4255 753 4321 (‘Nio.
765 4254 905 4322 Heineii').
938 4260 1028 4321 991599
1041 4273 1055 4308 9
1070 4259 1171 4309 eribant
1184 4255 1266 4307 hauh.
1286 4253 1345 4306 first
1360 4253 1424 4305 alter

266 4337 348 4388 them.
380 4337 505 4388 9991199991
523 4334 594 4387 Nino.
627 4338 744 4389 99915991
762 4336 853 4388 (lamb.
871 4337 949 4389 Pont.
983 4340 1088 4390 9919991
1106 4338 1218 4391 noem
1233 4335 1304 4401 9919.
1334 4337 1423 4388 aneri'
