3092 4984
252 338 313 421 196
801 335 849 400 ιιι

335 489 486 555 utilitatis
509 490 550 554 ob
572 488 713 555 officium
734 489 879 575 potuisse
900 489 1025 575 creari]

376 592 478 678 [Illud
500 592 580 657 item
601 614 668 657 non
690 601 740 658 est
761 593 955 672 mirandum,
978 594 1117 679 corporis
1140 594 1211 680 ipsa

334 695 419 782 quod
442 703 560 759 natura
581 695 689 759 cibum
711 695 839 780 quaerit
861 695 1016 781 cuiusque
1034 696 1218 761 animantis.

333 799 455 884 quippe
478 798 600 862 etenim
620 797 721 862 fluere
743 807 842 882 atque
864 798 1013 863 recedere
1035 820 1167 883 corpora
1187 799 1284 863 rebus
1337 797 1402 862 860

332 900 437 965 multa
458 900 562 965 modis
583 900 695 964 multis
717 899 822 978 docui,
846 900 902 964 sed
924 899 1065 986 plurima
1086 900 1208 966 debent

333 1027 374 1069 ex
396 1003 594 1068 animalibu'.
618 1024 698 1089 quac
720 1003 798 1087 quia
820 1011 897 1067 sunt
919 1003 1061 1066 exercita
1082 1012 1183 1081 motu,

332 1107 502 1193 multaque
523 1127 582 1191 per
603 1105 754 1170 sudorem
777 1128 818 1170 ex
839 1106 906 1170 alto
928 1095 1039 1191 pressa
1060 1107 1217 1184 feruntur,

282 1281 287 1288 ,
331 1212 437 1277 multa
457 1233 515 1296 per
536 1233 571 1275 os
593 1210 796 1286 exhalantur,
820 1233 894 1274 cum
917 1211 1073 1297 languida
1093 1213 1258 1290 anhelant,

330 1318 382 1382 his
402 1316 503 1402 igitur
524 1317 620 1381 rebus
641 1315 773 1380 rarescit
795 1337 909 1400 corpus
932 1324 966 1380 et
988 1315 1093 1380 omnis
1336 1316 1395 1398 865

331 1420 499 1485 subruitur
519 1427 655 1498 natura3
675 1418 765 1482 dolor
787 1440 887 1504 quam
909 1418 1117 1503 consequitur
1138 1440 1215 1485 rem

330 1531 502 1609 propterea
523 1522 650 1607 capitur
671 1522 762 1587 cibus
785 1530 822 1586 ut
845 1521 1008 1586 suffulciat
1029 1530 1119 1586 artus

330 1633 364 1690 et
386 1632 508 1690 recreet
529 1624 613 1689 vires
635 1624 820 1690 interdatus
842 1633 941 1709 atque
963 1632 1133 1709 patentem

330 1751 389 1816 per
410 1729 557 1794 membra
577 1751 615 1794 ac
637 1751 735 1793 venas
757 1736 796 1792 ut
818 1737 961 1793 amorem
984 1738 1116 1814 opturet
1141 1729 1266 1796 edendi.

329 1854 423 1896 umor
443 1831 523 1897 item
545 1831 681 1896 discedit
703 1832 738 1895 in
760 1831 869 1895 omnia
891 1853 974 1916 quae
995 1831 1067 1896 loca
1087 1853 1225 1917 cumque
1334 1835 1399 1915 870

328 1944 466 2021 poscunt
487 1957 633 1999 umorem
644 1958 653 2014 ;
674 1935 918 2020 glomerataque
940 1936 1047 2001 multa
1067 1938 1195 2023 vaporis

330 2060 469 2124 corpora,
492 2060 576 2123 quae
598 2037 763 2102 stomacho
785 2038 942 2122 praebent
965 2038 1116 2105 incendia
1137 2050 1255 2117 nostro,

328 2141 475 2228 dissupat
496 2141 672 2206 adveniens
693 2141 799 2226 liquor
821 2164 859 2205 ac
880 2142 1056 2227 restinguit
1077 2151 1116 2207 ut
1137 2143 1256 2229 ignem,

329 2269 423 2311 urere
445 2268 487 2310 ne
510 2246 610 2331 possit
632 2245 718 2309 calor
738 2245 877 2330 amplius
900 2245 1008 2310 aridus
1029 2255 1126 2311 artus.

329 2350 375 2414 sic
398 2349 498 2433 igitur
519 2348 580 2412 tibi
603 2346 720 2411 anhela
741 2347 812 2411 sitis
834 2347 875 2412 de
897 2370 1027 2432 corpore
1050 2359 1158 2414 nostro
1333 2351 1392 2429 875

329 2451 480 2528 abluitur,
502 2449 547 2514 sic
569 2448 718 2534 expletur
739 2449 849 2514 ieiuna
870 2449 1007 2534 cupido]

361 2553 471 2620 ,Nunc
493 2551 549 2635 qui
572 2551 630 2615 fiat
652 2552 703 2615 uti
724 2573 837 2637 passus
858 2551 999 2636 profarre
1021 2574 1186 2636 queamus,

329 2677 403 2720 cum
425 2654 582 2733 volumus,
606 2653 759 2740 varieque
780 2654 894 2719 datum
916 2655 959 2719 sit
980 2655 1126 2719 membra
1147 2678 1286 2734 movere,

328 2768 362 2824 et
383 2781 467 2845 quae
488 2781 539 2823 res
560 2767 691 2823 tantum
713 2758 775 2823 hoc
797 2759 902 2823 oneris
924 2758 1112 2843 protrudere
1134 2761 1237 2825 nostri

328 2863 466 2949 corporis
488 2863 632 2939 insuerit,
656 2862 780 2929 dicam:
805 2871 842 2927 tu
864 2863 993 2948 percipe
1015 2863 1109 2930 dicta
1331 2867 1395 2934 880

327 2968 398 3033 dico
420 2967 529 3033 animo
551 2975 660 3032 nostro
682 2968 824 3052 primum
847 2967 1019 3032 simulacra
1040 2968 1170 3033 meandi

328 3071 471 3136 accidere
493 3079 592 3155 atque
614 3071 761 3135 animum
783 3070 920 3156 pulsare,
944 3080 983 3135 ut
1005 3069 1147 3135 diximus
1169 3079 1253 3136 ante.

327 3176 403 3241 inde
424 3175 574 3240 voluntas
595 3173 653 3255 fit;
675 3196 782 3259 neque
805 3175 893 3239 enim
915 3175 1018 3239 facere
1042 3174 1156 3260 incipit
1179 3175 1279 3239 ullam

327 3301 396 3343 rem
419 3279 596 3365 quisquam,
619 3300 718 3363 quam
740 3300 833 3342 mens
854 3277 997 3363 providit
1019 3278 1097 3363 quid
1120 3278 1199 3343 velit
1221 3289 1305 3345 ante.

327 3380 361 3447 id
378 3381 464 3467 quod
486 3380 642 3467 providet,
665 3381 753 3445 illius
774 3382 821 3445 rei
843 3390 970 3446 constat
992 3382 1107 3467 imago,
1331 3386 1390 3465 885

327 3507 402 3569 ergo
423 3486 551 3550 animus
573 3507 648 3550 cum
670 3506 739 3550 sese
761 3484 810 3550 ita
830 3493 1010 3550 commovet
1032 3494 1070 3549 ut
1091 3485 1171 3550 velit
1193 3485 1240 3551 irc

326 3588 425 3671 inque
446 3587 544 3673 gredi,
568 3588 644 3653 ferit
667 3588 831 3674 extemplo
853 3611 937 3674 quae
959 3588 994 3652 in
1016 3611 1146 3674 corpore
1168 3597 1238 3654 toto

325 3710 385 3773 per
405 3689 552 3753 membra
572 3699 672 3773 atque
694 3698 784 3755 artus
806 3689 926 3754 animai
948 3689 1062 3756 dissita
1082 3691 1131 3756 vis
1152 3698 1210 3757 est.

235 3924 319 3967 senas,
330 3909 344 3958 1
355 3908 422 3959 haro
432 3908 549 3959 retained
559 3909 593 3957 it:
610 3907 632 3957 it
644 3923 728 3958 seems
739 3911 767 3958 to
778 3924 821 3959 ms
832 3923 903 3959 more
915 3909 1016 3971 elegant
1028 3908 1093 3959 than
1103 3907 1150 3958 tho
1161 3905 1244 3956 other.
1343 3905 1393 3955 882

235 3992 373 4054 quosquis
383 3989 597 4054 Lnoh.lorqar'o.
631 3990 797 4052 etqur'oVat.
810 3992 876 4042 8878
891 3990 1051 4040 Brix.Pont.
1086 3991 1147 4039 haec
1163 3990 1226 4052 quio
1235 3986 1310 4037 Wak.
1344 3988 1393 4046 hir,

236 4071 390 4136 qoiaAld.l
406 4072 480 4121 Jnnt.
509 4074 548 4122 his
565 4088 629 4136 qaae
646 4072 711 4122 Mar.
745 4075 787 4130 iis,
805 4088 868 4134 quoe
885 4073 977 4123 Lamb.
1076 4073 1125 4122 888
1142 4072 1210 4121 loll:
1228 4070 1262 4133 by
1278 4083 1295 4120 a
1310 4068 1394 4119 better

236 4153 357 4217 stupping
375 4154 388 4203 1
407 4152 473 4203 have
492 4154 567 4204 made
586 4152 631 4203 the
649 4169 755 4215 passage
776 4153 847 4216 quite
865 4154 945 4203 clear:
963 4155 1009 4205 tho
1027 4153 1147 4217 apodosis
1167 4154 1195 4203 ol
1210 4152 1255 4202 ths
1272 4154 1394 4203 smtanoa

235 4234 398 4299 beginswith
410 4236 461 4285 Hir
472 4237 559 4298 icitur.
593 4234 673 4285 Laoh.
692 4235 791 4286 inverte
802 4237 850 4285 868
863 4234 914 4284 and
931 4236 988 4285 884.
1023 4237 1183 4298 Οοιιιρ.808.
1281 4234 1329 4284 877
1340 4234 1393 4297 fiat

235 4317 325 4369 Camb.
337 4318 408 4368 Brix.
420 4318 496 4368 Pont.
504 4318 568 4368 Mar.
581 4318 684 4381 lorflct.
784 4320 833 4368 878
849 4320 968 4380 veruque
980 4318 1038 4368 Ver.
1047 4318 1112 4367 Ven.
1120 4317 1185 4366 Mar.
1195 4316 1235 4366 lor
1244 4329 1360 4378 uereque.

268 4403 316 4450 884
333 4403 465 4466 qaisquam
481 4415 556 4463 quom
572 4398 771 4450 Brix·Mur.lor
788 4401 845 4462 quir
861 4413 944 4461 quum.
1043 4399 1091 4448 886
1108 4398 1141 4446 Id
1156 4398 1231 4460 quod.
1264 4397 1307 4455 Ar,
1326 4397 1394 4459 quod
