3092 4984
686 250 739 314 111

219 432 358 497 corpore,
382 410 429 475 sio
453 408 557 473 animi
580 406 727 492 sequitur
748 406 915 470 sententia
937 406 1054 472 tenvis.

220 514 295 579 inde
317 513 378 578 ubi
402 512 544 577 robustis
567 510 711 589 adolevit
732 509 858 574 viribus
881 520 980 587 aem,

220 616 389 681 consilium
412 636 542 700 quoquc
565 613 672 678 maius
695 622 729 678 et
752 612 880 677 auctior
901 624 951 678 est
975 613 1077 677 animi
1101 613 1159 678 via
1224 630 1292 695 450

221 728 294 804 post
317 720 375 784 ubi
400 719 466 783 iam
490 717 607 782 validis
633 726 820 802 quassatum
846 726 896 779 est
920 716 1042 780 viribus
1065 716 1139 781 aevi

223 846 336 909 corpus
360 831 395 887 et
419 821 544 886 obtusis
567 819 753 885 ceciderunt
777 819 900 882 viribus
923 830 1022 895 artus,

223 925 383 990 claudicat
405 925 583 1010 ingenium,
607 922 724 987 delirat
748 923 871 1007 lingua,
887 923 974 987 labat
988 945 1090 1001 mens,

224 1031 332 1094 omnia
355 1029 511 1095 deficiunt
534 1038 634 1112 atque
658 1048 724 1091 uno
747 1036 894 1111 tempore
917 1026 1044 1091 desunt

224 1157 298 1220 crgo
321 1134 455 1199 dissolui
479 1154 608 1219 quoque
631 1132 782 1196 convenit
806 1154 935 1195 omnem
958 1132 1080 1196 animai
1223 1148 1289 1215 455

225 1247 385 1314 naturam,
410 1258 469 1300 ceu
494 1237 612 1314 fumus,
637 1235 672 1298 in
695 1236 779 1299 altas
801 1235 884 1299 aeris
907 1257 1018 1313 auras;

225 1340 488 1425 quandoquidem
511 1339 603 1424 gigni
626 1340 748 1425 pariter
771 1340 957 1424 pariterque
981 1339 1128 1405 videmus

224 1466 363 1508 crescere
387 1452 431 1520 et,
456 1452 492 1509 ut
513 1442 619 1518 docui,
644 1443 741 1506 simul
764 1464 845 1506 aevo
868 1443 952 1505 fessa
975 1442 1088 1507 fatisci

269 1547 345 1610 Huc
368 1545 493 1610 accedit
516 1546 567 1609 uti
591 1543 766 1623 videamus,
792 1568 905 1632 corpus
928 1556 966 1611 ut
990 1546 1097 1631 ipsum

227 1651 385 1736 suscipere
409 1649 550 1717 inmanis
573 1649 701 1713 morbos
724 1650 907 1736 durumque
931 1649 1083 1727 dolorem,
1227 1653 1294 1732 460

227 1754 271 1818 sic
293 1755 442 1818 animum
465 1776 557 1817 curas
580 1753 662 1817 acris
684 1753 873 1839 luctumque
897 1764 1105 1839 metumque;

226 1880 325 1943 quare
349 1857 544 1942 participem
567 1857 627 1920 leti
650 1879 778 1942 quoque
802 1858 955 1922 convenit
979 1880 1055 1922 esse

225 1961 305 2046 quin
328 1961 431 2025 etiam
454 1959 574 2023 morbis
597 1960 633 2023 in
656 1961 795 2046 corporis
819 1961 913 2024 avius
936 1970 1023 2024 errat

225 2087 320 2150 saepe
344 2064 492 2143 auimus3
513 2064 673 2129 dementit
696 2064 785 2129 enim
809 2063 976 2149 deliraque
999 2063 1087 2128 satur

226 2166 455 2253 interdumque
477 2166 568 2252 gravi
589 2167 735 2252 lethargo
759 2167 863 2232 fertur
886 2167 919 2230 in
943 2168 1047 2231 altum
1230 2170 1291 2252 465

227 2280 460 2356 aeternumque
483 2292 629 2356 soporem
652 2271 752 2335 oculis
774 2280 922 2356 nutuque
945 2270 1084 2345 cadenti,

228 2375 314 2440 unde
336 2397 443 2460 noque
467 2375 601 2440 exaudit
625 2397 717 2440 voees
739 2397 800 2439 nec
824 2397 951 2439 noscere
975 2374 1082 2440 voltus

225 2478 352 2543 illorum
376 2477 461 2563 potis
485 2487 542 2555 est,
567 2478 609 2543 ad
634 2479 737 2543 vitam
760 2479 818 2564 qui
841 2490 1026 2545 revocantes

229 2580 438 2646 circumstant
460 2580 601 2645 lacrirnis
624 2589 769 2646 rorantes
793 2604 849 2646 ora
871 2605 1040 2668 genasque.

229 2706 327 2769 quare
351 2684 497 2747 animum
520 2705 649 2769 quoque
672 2684 806 2749 dissolui
828 2685 949 2749 fateare
972 2695 1140 2765 necessest,
1226 2702 1293 2768 470

229 2787 490 2873 quandoquidem
514 2796 689 2873 penetrant
713 2788 748 2852 in
771 2811 847 2853 eum
871 2790 1018 2874 contagia
1041 2790 1162 2869 morbi;
1233 2872 1238 2882 ι

230 2915 306 2956 nam
330 2891 422 2956 dolor
443 2913 480 2955 ac
503 2892 635 2956 morbus
657 2892 717 2956 leti
740 2892 913 2956 fabricator
935 2902 1109 2978 uterquest,

231 2996 408 3059 multorum
431 2994 530 3059 exitio
553 2994 698 3080 perdocti
722 2995 808 3080 quod
832 3018 943 3060 sumus
966 3004 1051 3059 ante.

171 3116 198 3139 ²
231 3099 371 3184 denique
394 3122 483 3184 quor,
508 3099 673 3163 hominem
696 3121 770 3163 cum
795 3099 863 3162 vini
889 3099 938 3161 vis
961 3096 1145 3182 penetravit
1233 3099 1298 3178 476

232 3202 312 3266 acris
338 3212 373 3266 et
396 3203 431 3265 in
454 3224 553 3266 venas
576 3202 722 3266 discessit
745 3199 869 3265 diditus
893 3199 997 3276 ardor,

232 3304 438 3389 consequitur
459 3305 601 3389 gravitas
624 3305 851 3379 membrorum,
876 3300 1130 3388 praepediuntur

232 3429 325 3472 crum
347 3407 521 3485 vacillanti,
546 3407 699 3472 tardescit
721 3408 843 3492 lingua,
867 3405 980 3470 madet
1003 3427 1104 3483 meus,

146 3587 194 3636 ssi
205 3586 255 3637 und
265 3588 511 3637 notos2t011091.
609 3587 659 3636 450
668 3589 768 3636 auctior
784 3585 806 3634 Β
823 3601 888 3635 corr.
897 3585 967 3636 Nice.
975 3586 1081 3651 contr),
1090 3586 1197 3637 morel
1209 3587 1297 3639 Camb.

147 3668 186 3716 lor
202 3676 297 3718 auctor.
404 3668 453 3718 453
472 3670 560 3729 linqua
579 3669 649 3717 lutat
664 3683 730 3717 mem
744 3667 825 3716 Lach.
844 3668 884 3716 tor
900 3669 987 3731 linquo
1004 3684 1078 3717 niem⁴
1111 3671 1199 3731 linqua
1216 3673 1298 3720 madet

146 3764 210 3797 m
220 3749 243 3797 B
254 3764 319 3799 ωτι.
331 3748 399 3798 lrom
413 3749 471 3801 479.
504 3750 639 3811 &nouaque
652 3763 764 3812 mensque
780 3748 850 3797 Nice.
863 3749 931 3811 rnlg.
1039 3750 1088 3800 456
1101 3753 1168 3800 aeris
1181 3751 1225 3800 old
1239 3751 1294 3801 eds.

146 3829 187 3878 tor
195 3832 270 3878 wic.
368 3830 418 3879 458
428 3837 457 3878 ut
468 3828 551 3879 added
566 3829 632 3893 byB
644 3844 708 3879 corr.
736 3832 828 3894 salaci
838 3831 909 3879 Nico.
924 3831 994 3880 Flor.
1002 3831 1035 3881 al
1052 3833 1140 3881 camb.
1152 3833 1212 3883 Vct.
1225 3834 1296 3883 Mon.

145 3911 232 3960 Bentl.
245 3911 384 3974 forfactis.
412 3912 517 3973 fatiscit
531 3910 554 3959 B
571 3910 721 3960 comdant.
738 3912 832 3961 Lomb.
846 3916 893 3961 not
909 3913 973 3963 Mar.
1079 3916 1126 3966 474
1142 3919 1212 3966 dolor
1226 3917 1297 3965 Nico.

145 3992 187 4041 lor
198 3995 278 4055 potor.
377 3992 490 4044 474475
501 3994 538 4042 m
553 3996 671 4057 proniani
682 4002 785 4043 mentem
794 3998 882 4045 sonori
899 4012 986 4059 corpus
997 4004 1026 4046 at
1036 4013 1136 4059 scyrum
1150 4000 1187 4047 Et
1198 4000 1299 4062 pariter

145 4083 248 4125 matesc
261 4077 350 4123 macri
365 4090 453 4137 corpus
468 4076 555 4124 imru:
577 4089 612 4124 an
629 4074 724 4124 absurd
738 4075 935 4138 interpolation:
953 4078 1094 4139 lrt=510;
1112 4079 1151 4129 lor
1166 4080 1214 4130 475
1233 4078 1298 4127 Mar.

146 4156 225 4206 Aldl
241 4157 317 4205 sunt.
329 4156 471 4206 substituto
483 4156 540 4205 511.
574 4156 666 4205 Lamb.
679 4155 736 4204 first
747 4156 864 4218 expelled
878 4157 950 4207 botis
1048 4158 1097 4210 475
1107 4175 1177 4222 quor.
1189 4164 1234 4207 cor
1244 4156 1298 4213 AB,

145 4237 404 4289 whichisthesamo
415 4238 503 4301 thing:
521 4251 551 4287 so
562 4252 584 4286 rr
597 4238 653 4295 194,
664 4241 750 4291 mett
762 4254 1037 4302 commonionem
1055 4253 1081 4287 rr
1093 4240 1140 4288 116
1151 4253 1234 4288 eorum
1245 4236 1299 4292 AB»

145 4335 231 4371 comm
247 4318 329 4369 Lach.
345 4319 395 4370 to.
412 4334 524 4384 quorum
557 4324 603 4370 cor
620 4320 745 4370 homiuum
760 4319 832 4370 Nico.
848 4319 917 4369 Flor.
927 4321 959 4369 31
975 4317 1064 4368 Camb.
1081 4318 1167 4368 tva.
1185 4315 1229 4367 old
1245 4314 1299 4365 eds.
