<?xml version="1.0" encoding="UTF-8"?>
<!DOCTYPE html PUBLIC "-//W3C//DTD XHTML 1.0 Transitional//EN"
    "http://www.w3.org/TR/xhtml1/DTD/xhtml1-transitional.dtd">
<html xmlns="http://www.w3.org/1999/xhtml" xml:lang="en" lang="en">
 <head>
  <title>
</title>
<meta http-equiv="Content-Type" content="text/html;charset=utf-8" />
  <meta name='ocr-system' content='tesseract 3.04.00' />
  <meta name='ocr-capabilities' content='ocr_page ocr_carea ocr_par ocr_line ocrx_word'/>
</head>
<body>
  <div class='ocr_page' id='page_1' title='image "./dererumnaturali01munrgoog_0136.png"; bbox 0 0 3092 4984; ppageno 0'>
   <div class='ocr_carea' id='block_1_1' title="bbox 695 355 731 418">
    <p class='ocr_par' dir='ltr' id='par_1_1' title="bbox 695 355 731 418">
     <span class='ocr_line' id='line_1_1' title="bbox 695 355 731 418; baseline 0 0"><span class='ocrx_word' id='word_1_1' title='bbox 695 355 731 418; x_wconf 91' lang='lat' dir='ltr'><strong>ll</strong></span> 
     </span>
    </p>
   </div>
   <div class='ocr_carea' id='block_1_2' title="bbox 214 511 1117 2459">
    <p class='ocr_par' dir='ltr' id='par_1_2' title="bbox 214 511 1100 805">
     <span class='ocr_line' id='line_1_2' title="bbox 216 511 937 599; baseline 0.001 -22"><span class='ocrx_word' id='word_1_2' title='bbox 216 512 376 599; x_wconf 88' lang='lat' dir='ltr'><strong>principio</strong></span> <span class='ocrx_word' id='word_1_3' title='bbox 397 522 568 599; x_wconf 85' lang='lat' dir='ltr'><strong>nequeunt</strong></span> <span class='ocrx_word' id='word_1_4' title='bbox 589 513 686 579; x_wconf 88' lang='lat' dir='ltr'><strong>ullius</strong></span> <span class='ocrx_word' id='word_1_5' title='bbox 708 511 847 599; x_wconf 86' lang='lat' dir='ltr'><strong>eorporis</strong></span> <span class='ocrx_word' id='word_1_6' title='bbox 868 534 937 578; x_wconf 86' lang='lat' dir='ltr'><strong>esse</strong></span> 
     </span>
     <span class='ocr_line' id='line_1_3' title="bbox 214 615 1100 734; baseline 0.001 -53"><span class='ocrx_word' id='word_1_7' title='bbox 214 638 328 734; x_wconf 81' lang='lat' dir='ltr'><strong>sensus</strong></span> <span class='ocrx_word' id='word_1_8' title='bbox 350 624 428 682; x_wconf 87' lang='lat' dir='ltr'><strong>ante</strong></span> <span class='ocrx_word' id='word_1_9' title='bbox 449 616 555 701; x_wconf 85' lang='lat' dir='ltr'><strong>ipsam</strong></span> <span class='ocrx_word' id='word_1_10' title='bbox 576 616 721 701; x_wconf 76' lang='lat' dir='ltr'>genitam</span> <span class='ocrx_word' id='word_1_11' title='bbox 742 623 895 680; x_wconf 85' lang='lat' dir='ltr'><strong>naturam</strong></span> <span class='ocrx_word' id='word_1_12' title='bbox 917 615 1100 697; x_wconf 79' lang='lat' dir='ltr'><strong>animantis,</strong></span> 
     </span>
     <span class='ocr_line' id='line_1_4' title="bbox 215 718 959 805; baseline 0 -21"><span class='ocrx_word' id='word_1_13' title='bbox 215 719 474 805; x_wconf 82' lang='lat' dir='ltr'><strong>mmrrumquia</strong></span> <span class='ocrx_word' id='word_1_14' title='bbox 494 719 647 784; x_wconf 85' lang='lat' dir='ltr'><strong>materies</strong></span> <span class='ocrx_word' id='word_1_15' title='bbox 668 718 805 784; x_wconf 82' lang='lat' dir='ltr'><strong>disiecta</strong></span> <span class='ocrx_word' id='word_1_16' title='bbox 826 727 959 784; x_wconf 86' lang='lat' dir='ltr'><strong>tenetur</strong></span> 
     </span>
    </p>

    <p class='ocr_par' dir='ltr' id='par_1_3' title="bbox 215 821 937 907">
     <span class='ocr_line' id='line_1_5' title="bbox 215 821 937 907; baseline 0.001 -20"><span class='ocrx_word' id='word_1_17' title='bbox 215 843 290 887; x_wconf 88' lang='lat' dir='ltr'><strong>aere</strong></span> <span class='ocrx_word' id='word_1_18' title='bbox 311 822 504 887; x_wconf 88' lang='lat' dir='ltr'><strong>fluminibus</strong></span> <span class='ocrx_word' id='word_1_19' title='bbox 525 821 619 886; x_wconf 86' lang='lat' dir='ltr'><strong>terris</strong></span> <span class='ocrx_word' id='word_1_20' title='bbox 639 830 791 907; x_wconf 83' lang='lat' dir='ltr'><strong>terraque</strong></span> <span class='ocrx_word' id='word_1_21' title='bbox 813 823 937 901; x_wconf 86' lang='lat' dir='ltr'><strong>creatis,</strong></span> 
     </span>
    </p>

    <p class='ocr_par' dir='ltr' id='par_1_4' title="bbox 216 925 944 1012">
     <span class='ocr_line' id='line_1_6' title="bbox 216 925 944 1012; baseline 0.003 -21"><span class='ocrx_word' id='word_1_22' title='bbox 216 949 277 991; x_wconf 87' lang='lat' dir='ltr'><strong>nec</strong></span> <span class='ocrx_word' id='word_1_23' title='bbox 299 949 470 1012; x_wconf 81' lang='lat' dir='ltr'><strong>congressa</strong></span> <span class='ocrx_word' id='word_1_24' title='bbox 490 925 586 991; x_wconf 91' lang='lat' dir='ltr'><strong>modo</strong></span> <span class='ocrx_word' id='word_1_25' title='bbox 607 926 715 991; x_wconf 85' lang='lat' dir='ltr'><strong>vitalis</strong></span> <span class='ocrx_word' id='word_1_26' title='bbox 738 927 944 993; x_wconf 86' lang='lat' dir='ltr'><strong>eonvenienti</strong></span> 
     </span>
    </p>

    <p class='ocr_par' dir='ltr' id='par_1_5' title="bbox 216 1031 1042 1116">
     <span class='ocr_line' id='line_1_7' title="bbox 216 1031 1042 1116; baseline 0.001 -20"><span class='ocrx_word' id='word_1_27' title='bbox 216 1031 357 1096; x_wconf 82' lang='lat' dir='ltr'><strong>eontulit</strong></span> <span class='ocrx_word' id='word_1_28' title='bbox 379 1032 466 1096; x_wconf 90' lang='lat' dir='ltr'><strong>inter</strong></span> <span class='ocrx_word' id='word_1_29' title='bbox 486 1053 522 1096; x_wconf 87' lang='lat' dir='ltr'><strong>se</strong></span> <span class='ocrx_word' id='word_1_30' title='bbox 543 1037 658 1108; x_wconf 90' lang='lat' dir='ltr'><strong>motus,</strong></span> <span class='ocrx_word' id='word_1_31' title='bbox 681 1031 801 1116; x_wconf 88' lang='lat' dir='ltr'><strong>quibus</strong></span> <span class='ocrx_word' id='word_1_32' title='bbox 823 1032 1042 1097; x_wconf 75' lang='lat' dir='ltr'><strong>omnituentes</strong></span> 
     </span>
    </p>

    <p class='ocr_par' dir='ltr' id='par_1_6' title="bbox 217 1134 1115 1325">
     <span class='ocr_line' id='line_1_8' title="bbox 217 1134 1029 1221; baseline 0.001 -23"><span class='ocrx_word' id='word_1_33' title='bbox 217 1136 344 1199; x_wconf 83' lang='lat' dir='ltr'><strong>aeoensi</strong></span> <span class='ocrx_word' id='word_1_34' title='bbox 364 1156 478 1200; x_wconf 85' lang='lat' dir='ltr'><strong>sensus</strong></span> <span class='ocrx_word' id='word_1_35' title='bbox 500 1135 666 1199; x_wconf 88' lang='lat' dir='ltr'><strong>animante</strong></span> <span class='ocrx_word' id='word_1_36' title='bbox 685 1134 722 1199; x_wconf 93' lang='lat' dir='ltr'><strong>in</strong></span> <span class='ocrx_word' id='word_1_37' title='bbox 743 1157 873 1221; x_wconf 84' lang='lat' dir='ltr'><strong>quaque</strong></span> <span class='ocrx_word' id='word_1_38' title='bbox 894 1134 1029 1200; x_wconf 81' lang='lat' dir='ltr'>cientur.</span> 
     </span>
     <span class='ocr_line' id='line_1_9' title="bbox 259 1237 1115 1325; baseline 0 -21"><span class='ocrx_word' id='word_1_39' title='bbox 259 1237 436 1304; x_wconf 80' lang='lat' dir='ltr'><strong>Praeterea</strong></span> <span class='ocrx_word' id='word_1_40' title='bbox 456 1239 606 1325; x_wconf 82' lang='lat' dir='ltr'><strong>quamvis</strong></span> <span class='ocrx_word' id='word_1_41' title='bbox 626 1239 828 1304; x_wconf 77' lang='lat' dir='ltr'><strong>animantem</strong></span> <span class='ocrx_word' id='word_1_42' title='bbox 848 1237 1000 1323; x_wconf 75' lang='lat' dir='ltr'><strong>grandior</strong></span> <span class='ocrx_word' id='word_1_43' title='bbox 1024 1239 1115 1318; x_wconf 81' lang='lat' dir='ltr'><strong>ictus,</strong></span> 
     </span>
    </p>

    <p class='ocr_par' dir='ltr' id='par_1_7' title="bbox 218 1340 1100 1428">
     <span class='ocr_line' id='line_1_10' title="bbox 218 1340 1100 1428; baseline -0.001 -22"><span class='ocrx_word' id='word_1_44' title='bbox 218 1362 318 1426; x_wconf 84' lang='lat' dir='ltr'><strong>quam</strong></span> <span class='ocrx_word' id='word_1_45' title='bbox 340 1343 467 1428; x_wconf 87' lang='lat' dir='ltr'><strong>patitur</strong></span> <span class='ocrx_word' id='word_1_46' title='bbox 487 1350 614 1420; x_wconf 86' lang='lat' dir='ltr'><strong>natura,</strong></span> <span class='ocrx_word' id='word_1_47' title='bbox 636 1350 770 1428; x_wconf 88' lang='lat' dir='ltr'><strong>repente</strong></span> <span class='ocrx_word' id='word_1_48' title='bbox 793 1340 918 1426; x_wconf 82' lang='lat' dir='ltr'><strong>adfligit</strong></span> <span class='ocrx_word' id='word_1_49' title='bbox 940 1349 975 1406; x_wconf 88' lang='lat' dir='ltr'><strong>et</strong></span> <span class='ocrx_word' id='word_1_50' title='bbox 996 1342 1100 1406; x_wconf 91' lang='lat' dir='ltr'><strong>omnis</strong></span> 
     </span>
    </p>

    <p class='ocr_par' dir='ltr' id='par_1_8' title="bbox 218 1442 1087 1531">
     <span class='ocr_line' id='line_1_11' title="bbox 218 1442 1087 1531; baseline 0.002 -21"><span class='ocrx_word' id='word_1_51' title='bbox 218 1446 358 1531; x_wconf 86' lang='lat' dir='ltr'><strong>eorporis</strong></span> <span class='ocrx_word' id='word_1_52' title='bbox 379 1453 479 1531; x_wconf 79' lang='lat' dir='ltr'><strong>atque</strong></span> <span class='ocrx_word' id='word_1_53' title='bbox 501 1444 604 1509; x_wconf 91' lang='lat' dir='ltr'><strong>animi</strong></span> <span class='ocrx_word' id='word_1_54' title='bbox 625 1443 732 1530; x_wconf 80' lang='lat' dir='ltr'><strong>pergit</strong></span> <span class='ocrx_word' id='word_1_55' title='bbox 752 1442 947 1509; x_wconf 80' lang='lat' dir='ltr'><strong>confundere</strong></span> <span class='ocrx_word' id='word_1_56' title='bbox 968 1466 1087 1512; x_wconf 79' lang='lat' dir='ltr'><strong>sensus</strong></span> 
     </span>
    </p>

    <p class='ocr_par' dir='ltr' id='par_1_9' title="bbox 219 1545 989 1632">
     <span class='ocr_line' id='line_1_12' title="bbox 219 1545 989 1632; baseline 0.001 -20"><span class='ocrx_word' id='word_1_57' title='bbox 219 1546 442 1613; x_wconf 86' lang='lat' dir='ltr'><strong>dissoluuntur</strong></span> <span class='ocrx_word' id='word_1_58' title='bbox 463 1546 552 1613; x_wconf 88' lang='lat' dir='ltr'><strong>enim</strong></span> <span class='ocrx_word' id='word_1_59' title='bbox 573 1547 736 1632; x_wconf 84' lang='lat' dir='ltr'><strong>positurae</strong></span> <span class='ocrx_word' id='word_1_60' title='bbox 758 1545 989 1632; x_wconf 81' lang='lat' dir='ltr'><strong>principiorum</strong></span> 
     </span>
    </p>

    <p class='ocr_par' dir='ltr' id='par_1_10' title="bbox 219 1649 918 1736">
     <span class='ocr_line' id='line_1_13' title="bbox 219 1649 918 1736; baseline -0.003 -20"><span class='ocrx_word' id='word_1_61' title='bbox 219 1660 254 1716; x_wconf 86' lang='lat' dir='ltr'><strong>et</strong></span> <span class='ocrx_word' id='word_1_62' title='bbox 274 1651 408 1736; x_wconf 86' lang='lat' dir='ltr'><strong>penitus</strong></span> <span class='ocrx_word' id='word_1_63' title='bbox 429 1660 537 1716; x_wconf 89' lang='lat' dir='ltr'><strong>motus</strong></span> <span class='ocrx_word' id='word_1_64' title='bbox 559 1650 674 1716; x_wconf 81' lang='lat' dir='ltr'><strong>vitales</strong></span> <span class='ocrx_word' id='word_1_65' title='bbox 699 1649 918 1736; x_wconf 87' lang='lat' dir='ltr'><strong>inpediuntur,</strong></span> 
     </span>
    </p>

    <p class='ocr_par' dir='ltr' id='par_1_11' title="bbox 219 1752 1000 1839">
     <span class='ocr_line' id='line_1_14' title="bbox 219 1752 1000 1839; baseline -0.001 -21"><span class='ocrx_word' id='word_1_66' title='bbox 219 1752 320 1818; x_wconf 88' lang='lat' dir='ltr'><strong>donee</strong></span> <span class='ocrx_word' id='word_1_67' title='bbox 342 1753 503 1831; x_wconf 83' lang='lat' dir='ltr'><strong>materies,</strong></span> <span class='ocrx_word' id='word_1_68' title='bbox 525 1752 630 1817; x_wconf 93' lang='lat' dir='ltr'><strong>omnis</strong></span> <span class='ocrx_word' id='word_1_69' title='bbox 651 1774 805 1817; x_wconf 80' lang='lat' dir='ltr'><strong>concussa</strong></span> <span class='ocrx_word' id='word_1_70' title='bbox 825 1775 883 1839; x_wconf 89' lang='lat' dir='ltr'><strong>per</strong></span> <span class='ocrx_word' id='word_1_71' title='bbox 904 1763 1000 1833; x_wconf 72' lang='lat' dir='ltr'><strong>artus</strong></span> 
     </span>
    </p>

    <p class='ocr_par' dir='ltr' id='par_1_12' title="bbox 219 1854 911 1941">
     <span class='ocr_line' id='line_1_15' title="bbox 219 1854 911 1941; baseline 0.001 -22"><span class='ocrx_word' id='word_1_72' title='bbox 219 1856 328 1921; x_wconf 79' lang='lat' dir='ltr'><strong>vitalis</strong></span> <span class='ocrx_word' id='word_1_73' title='bbox 349 1855 478 1921; x_wconf 86' lang='lat' dir='ltr'><strong>animae</strong></span> <span class='ocrx_word' id='word_1_74' title='bbox 499 1854 599 1921; x_wconf 90' lang='lat' dir='ltr'><strong>nodos</strong></span> <span class='ocrx_word' id='word_1_75' title='bbox 621 1877 642 1919; x_wconf 87' lang='lat' dir='ltr'><strong>a</strong></span> <span class='ocrx_word' id='word_1_76' title='bbox 662 1876 792 1941; x_wconf 81' lang='lat' dir='ltr'><strong>corpore</strong></span> <span class='ocrx_word' id='word_1_77' title='bbox 815 1854 911 1920; x_wconf 85' lang='lat' dir='ltr'><strong>solvit</strong></span> 
     </span>
    </p>

    <p class='ocr_par' dir='ltr' id='par_1_13' title="bbox 219 1957 1030 2046">
     <span class='ocr_line' id='line_1_16' title="bbox 219 1957 1030 2046; baseline -0.001 -21"><span class='ocrx_word' id='word_1_78' title='bbox 219 1958 462 2046; x_wconf 71' lang='lat' dir='ltr'><strong>dispersamque</strong></span> <span class='ocrx_word' id='word_1_79' title='bbox 483 1958 568 2023; x_wconf 85' lang='lat' dir='ltr'><strong>foras</strong></span> <span class='ocrx_word' id='word_1_80' title='bbox 589 1980 648 2044; x_wconf 89' lang='lat' dir='ltr'><strong>per</strong></span> <span class='ocrx_word' id='word_1_81' title='bbox 669 1958 777 2023; x_wconf 83' lang='lat' dir='ltr'><strong>caulos</strong></span> <span class='ocrx_word' id='word_1_82' title='bbox 799 1957 897 2024; x_wconf 84' lang='lat' dir='ltr'><strong>eiecit</strong></span> <span class='ocrx_word' id='word_1_83' title='bbox 918 1960 1030 2025; x_wconf 87' lang='lat' dir='ltr'><strong>omnis.</strong></span> 
     </span>
    </p>

    <p class='ocr_par' dir='ltr' id='par_1_14' title="bbox 219 2062 1103 2149">
     <span class='ocr_line' id='line_1_17' title="bbox 219 2062 1103 2149; baseline -0.003 -20"><span class='ocrx_word' id='word_1_84' title='bbox 219 2086 296 2129; x_wconf 89' lang='lat' dir='ltr'><strong>nam</strong></span> <span class='ocrx_word' id='word_1_85' title='bbox 319 2062 399 2149; x_wconf 88' lang='lat' dir='ltr'><strong>quid</strong></span> <span class='ocrx_word' id='word_1_86' title='bbox 420 2072 590 2149; x_wconf 85' lang='lat' dir='ltr'><strong>praeterea</strong></span> <span class='ocrx_word' id='word_1_87' title='bbox 609 2062 713 2128; x_wconf 84' lang='lat' dir='ltr'><strong>faeere</strong></span> <span class='ocrx_word' id='word_1_88' title='bbox 734 2063 838 2127; x_wconf 87' lang='lat' dir='ltr'><strong>ictum</strong></span> <span class='ocrx_word' id='word_1_89' title='bbox 859 2083 952 2147; x_wconf 90' lang='lat' dir='ltr'><strong>posse</strong></span> <span class='ocrx_word' id='word_1_90' title='bbox 973 2084 1103 2127; x_wconf 85' lang='lat' dir='ltr'><strong>reamur</strong></span> 
     </span>
    </p>

    <p class='ocr_par' dir='ltr' id='par_1_15' title="bbox 219 2164 1090 2251">
     <span class='ocr_line' id='line_1_18' title="bbox 219 2164 1090 2251; baseline -0.001 -20"><span class='ocrx_word' id='word_1_91' title='bbox 219 2167 373 2244; x_wconf 81' lang='lat' dir='ltr'><strong>oblatum,</strong></span> <span class='ocrx_word' id='word_1_92' title='bbox 396 2166 460 2231; x_wconf 90' lang='lat' dir='ltr'><strong>nisi</strong></span> <span class='ocrx_word' id='word_1_93' title='bbox 481 2164 641 2231; x_wconf 81' lang='lat' dir='ltr'><strong>discutere</strong></span> <span class='ocrx_word' id='word_1_94' title='bbox 663 2187 700 2230; x_wconf 89' lang='lat' dir='ltr'><strong>ao</strong></span> <span class='ocrx_word' id='word_1_95' title='bbox 721 2164 896 2230; x_wconf 86' lang='lat' dir='ltr'><strong>dissolvere</strong></span> <span class='ocrx_word' id='word_1_96' title='bbox 919 2172 1090 2251; x_wconf 70' lang='lat' dir='ltr'><strong>quaeque?</strong></span> 
     </span>
    </p>

    <p class='ocr_par' dir='ltr' id='par_1_16' title="bbox 220 2267 1117 2354">
     <span class='ocr_line' id='line_1_19' title="bbox 220 2267 1117 2354; baseline 0.001 -21"><span class='ocrx_word' id='word_1_97' title='bbox 220 2268 259 2333; x_wconf 91' lang='lat' dir='ltr'><strong>fit</strong></span> <span class='ocrx_word' id='word_1_98' title='bbox 281 2290 410 2354; x_wconf 89' lang='lat' dir='ltr'><strong>quoque</strong></span> <span class='ocrx_word' id='word_1_99' title='bbox 432 2268 483 2334; x_wconf 89' lang='lat' dir='ltr'><strong>uti</strong></span> <span class='ocrx_word' id='word_1_100' title='bbox 505 2269 629 2334; x_wconf 84' lang='lat' dir='ltr'><strong>soleant</strong></span> <span class='ocrx_word' id='word_1_101' title='bbox 650 2268 759 2333; x_wconf 89' lang='lat' dir='ltr'><strong>minus</strong></span> <span class='ocrx_word' id='word_1_102' title='bbox 781 2268 890 2334; x_wconf 91' lang='lat' dir='ltr'><strong>oblato</strong></span> <span class='ocrx_word' id='word_1_103' title='bbox 912 2267 1029 2334; x_wconf 85' lang='lat' dir='ltr'><strong>aeriter</strong></span> <span class='ocrx_word' id='word_1_104' title='bbox 1051 2268 1117 2334; x_wconf 86' lang='lat' dir='ltr'><strong>ictu</strong></span> 
     </span>
    </p>

    <p class='ocr_par' dir='ltr' id='par_1_17' title="bbox 219 2371 873 2459">
     <span class='ocr_line' id='line_1_20' title="bbox 219 2371 873 2459; baseline 0 -22"><span class='ocrx_word' id='word_1_105' title='bbox 219 2371 338 2457; x_wconf 74' lang='lat' dir='ltr'><strong>reliqui</strong></span> <span class='ocrx_word' id='word_1_106' title='bbox 358 2381 466 2438; x_wconf 88' lang='lat' dir='ltr'><strong>motus</strong></span> <span class='ocrx_word' id='word_1_107' title='bbox 487 2372 598 2438; x_wconf 83' lang='lat' dir='ltr'><strong>vitalis</strong></span> <span class='ocrx_word' id='word_1_108' title='bbox 618 2372 748 2437; x_wconf 82' lang='lat' dir='ltr'><strong>vincere</strong></span> <span class='ocrx_word' id='word_1_109' title='bbox 769 2394 873 2459; x_wconf 86' lang='lat' dir='ltr'><strong>saepe,</strong></span> 
     </span>
    </p>
   </div>
   <div class='ocr_carea' id='block_1_3' title="bbox 218 2475 1293 3188">
    <p class='ocr_par' dir='ltr' id='par_1_18' title="bbox 218 2475 1030 2563">
     <span class='ocr_line' id='line_1_21' title="bbox 218 2475 1030 2563; baseline 0.001 -22"><span class='ocrx_word' id='word_1_110' title='bbox 218 2475 356 2554; x_wconf 83' lang='lat' dir='ltr'><strong>vincere,</strong></span> <span class='ocrx_word' id='word_1_111' title='bbox 379 2485 413 2542; x_wconf 91' lang='lat' dir='ltr'><strong>et</strong></span> <span class='ocrx_word' id='word_1_112' title='bbox 433 2477 576 2563; x_wconf 83' lang='lat' dir='ltr'><strong>ingentis</strong></span> <span class='ocrx_word' id='word_1_113' title='bbox 597 2477 713 2563; x_wconf 81' lang='lat' dir='ltr'><strong>plagae</strong></span> <span class='ocrx_word' id='word_1_114' title='bbox 734 2476 846 2542; x_wconf 88' lang='lat' dir='ltr'><strong>sedare</strong></span> <span class='ocrx_word' id='word_1_115' title='bbox 867 2478 1030 2543; x_wconf 87' lang='lat' dir='ltr'><strong>tumultus</strong></span> 
     </span>
    </p>

    <p class='ocr_par' dir='ltr' id='par_1_19' title="bbox 219 2580 1041 2668">
     <span class='ocr_line' id='line_1_22' title="bbox 219 2580 1041 2668; baseline 0.002 -23"><span class='ocrx_word' id='word_1_116' title='bbox 219 2581 321 2666; x_wconf 88' lang='lat' dir='ltr'><strong>inque</strong></span> <span class='ocrx_word' id='word_1_117' title='bbox 342 2603 415 2646; x_wconf 90' lang='lat' dir='ltr'><strong>suos</strong></span> <span class='ocrx_word' id='word_1_118' title='bbox 437 2580 592 2668; x_wconf 89' lang='lat' dir='ltr'><strong>quioquid</strong></span> <span class='ocrx_word' id='word_1_119' title='bbox 613 2603 724 2646; x_wconf 84' lang='lat' dir='ltr'><strong>rursus</strong></span> <span class='ocrx_word' id='word_1_120' title='bbox 744 2603 892 2648; x_wconf 88' lang='lat' dir='ltr'><strong>revooare</strong></span> <span class='ocrx_word' id='word_1_121' title='bbox 914 2591 1041 2647; x_wconf 89' lang='lat' dir='ltr'><strong>meatus</strong></span> 
     </span>
    </p>

    <p class='ocr_par' dir='ltr' id='par_1_20' title="bbox 219 2683 1139 2873">
     <span class='ocr_line' id='line_1_23' title="bbox 219 2683 1139 2771; baseline 0.001 -22"><span class='ocrx_word' id='word_1_122' title='bbox 219 2694 255 2749; x_wconf 88' lang='lat' dir='ltr'><strong>et</strong></span> <span class='ocrx_word' id='word_1_123' title='bbox 276 2685 370 2770; x_wconf 87' lang='lat' dir='ltr'><strong>quasi</strong></span> <span class='ocrx_word' id='word_1_124' title='bbox 391 2685 457 2749; x_wconf 89' lang='lat' dir='ltr'><strong>iam</strong></span> <span class='ocrx_word' id='word_1_125' title='bbox 477 2684 537 2750; x_wconf 89' lang='lat' dir='ltr'><strong>leti</strong></span> <span class='ocrx_word' id='word_1_126' title='bbox 559 2683 784 2749; x_wconf 86' lang='lat' dir='ltr'><strong>dominantem</strong></span> <span class='ocrx_word' id='word_1_127' title='bbox 805 2683 841 2748; x_wconf 89' lang='lat' dir='ltr'><strong>in</strong></span> <span class='ocrx_word' id='word_1_128' title='bbox 863 2706 992 2771; x_wconf 82' lang='lat' dir='ltr'><strong>corpore</strong></span> <span class='ocrx_word' id='word_1_129' title='bbox 1015 2696 1139 2750; x_wconf 86' lang='lat' dir='ltr'><strong>motum</strong></span> 
     </span>
     <span class='ocr_line' id='line_1_24' title="bbox 219 2786 1052 2873; baseline 0.001 -20"><span class='ocrx_word' id='word_1_130' title='bbox 219 2787 379 2853; x_wconf 87' lang='lat' dir='ltr'><strong>discutere</strong></span> <span class='ocrx_word' id='word_1_131' title='bbox 401 2808 439 2852; x_wconf 84' lang='lat' dir='ltr'><strong>ae</strong></span> <span class='ocrx_word' id='word_1_132' title='bbox 459 2809 564 2873; x_wconf 87' lang='lat' dir='ltr'><strong>paene</strong></span> <span class='ocrx_word' id='word_1_133' title='bbox 585 2786 718 2852; x_wconf 88' lang='lat' dir='ltr'><strong>amissos</strong></span> <span class='ocrx_word' id='word_1_134' title='bbox 740 2786 912 2852; x_wconf 83' lang='lat' dir='ltr'><strong>aooendere</strong></span> <span class='ocrx_word' id='word_1_135' title='bbox 934 2809 1052 2855; x_wconf 81' lang='lat' dir='ltr'><strong>sensus</strong></span> 
     </span>
    </p>

    <p class='ocr_par' dir='ltr' id='par_1_21' title="bbox 219 2890 1293 3080">
     <span class='ocr_line' id='line_1_25' title="bbox 219 2890 1293 2978; baseline -0.002 -21"><span class='ocrx_word' id='word_1_136' title='bbox 219 2914 297 2957; x_wconf 90' lang='lat' dir='ltr'><strong>nam</strong></span> <span class='ocrx_word' id='word_1_137' title='bbox 319 2914 385 2978; x_wconf 84' lang='lat' dir='ltr'><strong>qua</strong></span> <span class='ocrx_word' id='word_1_138' title='bbox 404 2914 440 2956; x_wconf 91' lang='lat' dir='ltr'><strong>re</strong></span> <span class='ocrx_word' id='word_1_139' title='bbox 461 2890 570 2977; x_wconf 89' lang='lat' dir='ltr'><strong>potius</strong></span> <span class='ocrx_word' id='word_1_140' title='bbox 592 2891 681 2956; x_wconf 88' lang='lat' dir='ltr'><strong>leti&#39;</strong></span> <span class='ocrx_word' id='word_1_141' title='bbox 673 2912 739 2955; x_wconf 79' lang='lat' dir='ltr'><strong>iam</strong></span> <span class='ocrx_word' id='word_1_142' title='bbox 761 2890 873 2956; x_wconf 90' lang='lat' dir='ltr'><strong>limine</strong></span> <span class='ocrx_word' id='word_1_143' title='bbox 895 2890 967 2956; x_wconf 90' lang='lat' dir='ltr'><strong>ab</strong></span> <span class='ocrx_word' id='word_1_144' title='bbox 958 2912 1029 2976; x_wconf 79' lang='lat' dir='ltr'><strong>rpso</strong></span> <span class='ocrx_word' id='word_1_145' title='bbox 1226 2896 1293 2977; x_wconf 84' lang='lat'><strong>960</strong></span> 
     </span>
     <span class='ocr_line' id='line_1_26' title="bbox 219 2993 956 3080; baseline -0.001 -21"><span class='ocrx_word' id='word_1_146' title='bbox 219 2995 262 3059; x_wconf 90' lang='lat' dir='ltr'><strong>ad</strong></span> <span class='ocrx_word' id='word_1_147' title='bbox 283 2995 384 3060; x_wconf 82' lang='lat' dir='ltr'><strong>vitam</strong></span> <span class='ocrx_word' id='word_1_148' title='bbox 405 2993 507 3080; x_wconf 88' lang='lat' dir='ltr'><strong>possit</strong></span> <span class='ocrx_word' id='word_1_149' title='bbox 529 2994 674 3060; x_wconf 83' lang='lat' dir='ltr'><strong>conlecta</strong></span> <span class='ocrx_word' id='word_1_150' title='bbox 694 3003 806 3058; x_wconf 87' lang='lat' dir='ltr'><strong>mente</strong></span> <span class='ocrx_word' id='word_1_151' title='bbox 827 2994 956 3072; x_wconf 83' lang='lat' dir='ltr'><strong>reverti,</strong></span> 
     </span>
    </p>

    <p class='ocr_par' dir='ltr' id='par_1_22' title="bbox 220 3097 1152 3188">
     <span class='ocr_line' id='line_1_27' title="bbox 220 3097 1152 3188; baseline -0.001 -22"><span class='ocrx_word' id='word_1_152' title='bbox 220 3122 320 3186; x_wconf 82' lang='lat' dir='ltr'><strong>quam</strong></span> <span class='ocrx_word' id='word_1_153' title='bbox 341 3124 406 3188; x_wconf 90' lang='lat' dir='ltr'><strong>quo</strong></span> <span class='ocrx_word' id='word_1_154' title='bbox 427 3100 599 3166; x_wconf 85' lang='lat' dir='ltr'><strong>decursum</strong></span> <span class='ocrx_word' id='word_1_155' title='bbox 618 3120 719 3186; x_wconf 88' lang='lat' dir='ltr'><strong>prope</strong></span> <span class='ocrx_word' id='word_1_156' title='bbox 741 3098 808 3163; x_wconf 90' lang='lat' dir='ltr'><strong>iam</strong></span> <span class='ocrx_word' id='word_1_157' title='bbox 830 3099 892 3164; x_wconf 89' lang='lat' dir='ltr'><strong>siet</strong></span> <span class='ocrx_word' id='word_1_158' title='bbox 915 3097 962 3163; x_wconf 87' lang='lat' dir='ltr'><strong>ire</strong></span> <span class='ocrx_word' id='word_1_159' title='bbox 984 3104 1019 3164; x_wconf 87' lang='lat' dir='ltr'><strong>et</strong></span> <span class='ocrx_word' id='word_1_160' title='bbox 1040 3098 1152 3165; x_wconf 82' lang='lat' dir='ltr'><strong>abiret</strong></span> 
     </span>
    </p>
   </div>
   <div class='ocr_carea' id='block_1_4' title="bbox 126 3350 1295 4478">
    <p class='ocr_par' dir='ltr' id='par_1_23' title="bbox 126 3350 1295 4232">
     <span class='ocr_line' id='line_1_28' title="bbox 129 3350 1290 3418; baseline -0.001 -13"><span class='ocrx_word' id='word_1_161' title='bbox 129 3354 224 3412; x_wconf 77' lang='lat' dir='ltr'><strong>Bm.;</strong></span> <span class='ocrx_word' id='word_1_162' title='bbox 240 3351 291 3402; x_wconf 76' lang='lat' dir='ltr'><strong>but</strong></span> <span class='ocrx_word' id='word_1_163' title='bbox 300 3350 347 3403; x_wconf 82' lang='lat' dir='ltr'><strong>the</strong></span> <span class='ocrx_word' id='word_1_164' title='bbox 356 3352 441 3403; x_wconf 80' lang='lat' dir='ltr'><strong>oratio</strong></span> <span class='ocrx_word' id='word_1_165' title='bbox 451 3352 558 3416; x_wconf 76' lang='lat' dir='ltr'><strong>obliqua</strong></span> <span class='ocrx_word' id='word_1_166' title='bbox 568 3353 683 3417; x_wconf 81' lang='lat' dir='ltr'><strong>requires</strong></span> <span class='ocrx_word' id='word_1_167' title='bbox 692 3352 739 3405; x_wconf 85' lang='lat' dir='ltr'><strong>tho</strong></span> <span class='ocrx_word' id='word_1_168' title='bbox 754 3352 929 3418; x_wconf 76' lang='lat' dir='ltr'><strong>subjunctive.</strong></span> <span class='ocrx_word' id='word_1_169' title='bbox 1027 3354 1076 3405; x_wconf 76' lang='lat'><strong>938</strong></span> <span class='ocrx_word' id='word_1_170' title='bbox 1092 3355 1173 3417; x_wconf 61' lang='lat' dir='ltr'><strong>speum</strong></span> <span class='ocrx_word' id='word_1_171' title='bbox 1183 3352 1252 3404; x_wconf 76' lang='lat' dir='ltr'><strong>Flos.</strong></span> <span class='ocrx_word' id='word_1_172' title='bbox 1259 3355 1290 3404; x_wconf 82' lang='lat' dir='ltr'><strong>tl</strong></span> 
     </span>
     <span class='ocr_line' id='line_1_29' title="bbox 129 3434 1292 3500; baseline -0.002 -11"><span class='ocrx_word' id='word_1_173' title='bbox 129 3436 223 3489; x_wconf 67' lang='lat' dir='ltr'><strong>camb.</strong></span> <span class='ocrx_word' id='word_1_174' title='bbox 235 3435 313 3485; x_wconf 82' lang='lat' dir='ltr'><strong>Pont.</strong></span> <span class='ocrx_word' id='word_1_175' title='bbox 326 3435 391 3484; x_wconf 73' lang='lat' dir='ltr'><strong>Har.</strong></span> <span class='ocrx_word' id='word_1_176' title='bbox 403 3434 462 3485; x_wconf 76' lang='lat' dir='ltr'><strong>Alo.</strong></span> <span class='ocrx_word' id='word_1_177' title='bbox 474 3435 488 3485; x_wconf 94' lang='lat'>1</span> <span class='ocrx_word' id='word_1_178' title='bbox 500 3436 576 3486; x_wconf 76' lang='lat' dir='ltr'><strong>runt.</strong></span> <span class='ocrx_word' id='word_1_179' title='bbox 594 3437 634 3486; x_wconf 85' lang='lat' dir='ltr'><strong>lor</strong></span> <span class='ocrx_word' id='word_1_180' title='bbox 647 3438 732 3487; x_wconf 73' lang='grc' dir='ltr'><strong>Ιιεαπι.</strong></span> <span class='ocrx_word' id='word_1_181' title='bbox 830 3438 880 3489; x_wconf 76' lang='lat' dir='ltr'><strong>olo</strong></span> <span class='ocrx_word' id='word_1_182' title='bbox 896 3444 1011 3500; x_wconf 66' lang='lat' dir='ltr'><strong>mraqroe</strong></span> <span class='ocrx_word' id='word_1_183' title='bbox 1025 3439 1124 3486; x_wconf 62' lang='lat' dir='ltr'><strong>meatu.</strong></span> <span class='ocrx_word' id='word_1_184' title='bbox 1156 3435 1231 3486; x_wconf 75' lang='lat' dir='ltr'><strong>wal.</strong></span> <span class='ocrx_word' id='word_1_185' title='bbox 1241 3434 1292 3487; x_wconf 76' lang='lat' dir='ltr'><strong>hos</strong></span> 
     </span>
     <span class='ocr_line' id='line_1_30' title="bbox 127 3517 1291 3585; baseline 0.001 -16"><span class='ocrx_word' id='word_1_186' title='bbox 127 3517 455 3585; x_wconf 63' lang='lat' dir='ltr'><strong>moparlyretainodthis</strong></span> <span class='ocrx_word' id='word_1_187' title='bbox 471 3517 684 3582; x_wconf 73' lang='lat' dir='ltr'><strong>theroadingol</strong></span> <span class='ocrx_word' id='word_1_188' title='bbox 703 3519 822 3570; x_wconf 82' lang='lat' dir='ltr'><strong>allmss.</strong></span> <span class='ocrx_word' id='word_1_189' title='bbox 844 3521 998 3582; x_wconf 67' lang='lat' dir='ltr'><strong>flammeus</strong></span> <span class='ocrx_word' id='word_1_190' title='bbox 1014 3519 1107 3568; x_wconf 75' lang='lat' dir='ltr'><strong>creatis</strong></span> <span class='ocrx_word' id='word_1_191' title='bbox 1123 3517 1188 3567; x_wconf 67' lang='lat' dir='ltr'><strong>nar.</strong></span> <span class='ocrx_word' id='word_1_192' title='bbox 1205 3517 1291 3570; x_wconf 72' lang='lat' dir='ltr'><strong>Atel</strong></span> 
     </span>
     <span class='ocr_line' id='line_1_31' title="bbox 127 3597 1291 3664; baseline -0.003 -10"><span class='ocrx_word' id='word_1_193' title='bbox 127 3604 207 3654; x_wconf 67' lang='lat' dir='ltr'><strong>lunt.</strong></span> <span class='ocrx_word' id='word_1_194' title='bbox 216 3601 288 3664; x_wconf 67' lang='lat' dir='ltr'><strong>vute</strong></span> <span class='ocrx_word' id='word_1_195' title='bbox 298 3599 384 3652; x_wconf 79' lang='lat' dir='ltr'><strong>heloro</strong></span> <span class='ocrx_word' id='word_1_196' title='bbox 394 3599 471 3649; x_wconf 67' lang='lat' dir='ltr'><strong>wil.</strong></span> <span class='ocrx_word' id='word_1_197' title='bbox 499 3602 636 3664; x_wconf 60' lang='lat' dir='ltr'><strong>autrum</strong></span> <span class='ocrx_word' id='word_1_198' title='bbox 644 3604 734 3651; x_wconf 58' lang='lat' dir='ltr'><strong>aaut&amp;</strong></span> <span class='ocrx_word' id='word_1_199' title='bbox 742 3599 839 3651; x_wconf 67' lang='lat' dir='ltr'><strong>Leon:</strong></span> <span class='ocrx_word' id='word_1_200' title='bbox 855 3600 903 3651; x_wconf 81' lang='lat' dir='ltr'><strong>but</strong></span> <span class='ocrx_word' id='word_1_201' title='bbox 914 3600 928 3650; x_wconf 94' lang='lat' dir='ltr'>I</span> <span class='ocrx_word' id='word_1_202' title='bbox 939 3598 973 3649; x_wconf 92' lang='lat' dir='ltr'><strong>do</strong></span> <span class='ocrx_word' id='word_1_203' title='bbox 983 3601 1030 3649; x_wconf 86' lang='lat' dir='ltr'><strong>not</strong></span> <span class='ocrx_word' id='word_1_204' title='bbox 1040 3597 1193 3649; x_wconf 77' lang='lat' dir='ltr'><strong>knorrwhat</strong></span> <span class='ocrx_word' id='word_1_205' title='bbox 1203 3602 1291 3651; x_wconf 66' lang='lat' dir='ltr'><strong>usim</strong></span> 
     </span>
     <span class='ocr_line' id='line_1_32' title="bbox 128 3679 1295 3745; baseline -0.002 -11"><span class='ocrx_word' id='word_1_206' title='bbox 128 3691 217 3734; x_wconf 70' lang='lat' dir='ltr'><strong>mro</strong></span> <span class='ocrx_word' id='word_1_207' title='bbox 228 3696 282 3742; x_wconf 78' lang='lat' dir='ltr'><strong>are,</strong></span> <span class='ocrx_word' id='word_1_208' title='bbox 301 3680 393 3731; x_wconf 83' lang='lat' dir='ltr'><strong>unless</strong></span> <span class='ocrx_word' id='word_1_209' title='bbox 410 3679 475 3745; x_wconf 79' lang='lat' dir='ltr'><strong>thoy</strong></span> <span class='ocrx_word' id='word_1_210' title='bbox 491 3681 525 3732; x_wconf 83' lang='lat' dir='ltr'><strong>bo</strong></span> <span class='ocrx_word' id='word_1_211' title='bbox 541 3679 588 3731; x_wconf 79' lang='lat' dir='ltr'><strong>the</strong></span> <span class='ocrx_word' id='word_1_212' title='bbox 608 3695 681 3732; x_wconf 81' lang='lat' dir='ltr'><strong>samo</strong></span> <span class='ocrx_word' id='word_1_213' title='bbox 695 3697 725 3732; x_wconf 82' lang='lat' dir='ltr'><strong>as</strong></span> <span class='ocrx_word' id='word_1_214' title='bbox 745 3690 814 3732; x_wconf 73' lang='lat' dir='ltr'><strong>tenu</strong></span> <span class='ocrx_word' id='word_1_215' title='bbox 831 3680 993 3742; x_wconf 55' lang='lat' dir='ltr'><strong>&amp;crufthe</strong></span> <span class='ocrx_word' id='word_1_216' title='bbox 1008 3680 1111 3730; x_wconf 80' lang='lat' dir='ltr'><strong>various</strong></span> <span class='ocrx_word' id='word_1_217' title='bbox 1127 3679 1250 3743; x_wconf 76' lang='lat' dir='ltr'><strong>products</strong></span> <span class='ocrx_word' id='word_1_218' title='bbox 1266 3682 1295 3732; x_wconf 79' lang='lat' dir='ltr'><strong>oi</strong></span> 
     </span>
     <span class='ocr_line' id='line_1_33' title="bbox 126 3759 1290 3813; baseline 0.001 -1"><span class='ocrx_word' id='word_1_219' title='bbox 126 3761 177 3812; x_wconf 67' lang='lat' dir='ltr'><strong>flio</strong></span> <span class='ocrx_word' id='word_1_220' title='bbox 191 3759 279 3813; x_wconf 69' lang='lat' dir='ltr'><strong>euru</strong></span> <span class='ocrx_word' id='word_1_221' title='bbox 376 3761 425 3813; x_wconf 74' lang='lat'><strong>941</strong></span> <span class='ocrx_word' id='word_1_222' title='bbox 442 3764 598 3811; x_wconf 75' lang='lat' dir='ltr'><strong>oorwerrientt</strong></span> <span class='ocrx_word' id='word_1_223' title='bbox 614 3761 709 3813; x_wconf 84' lang='lat' dir='ltr'><strong>Lamb.</strong></span> <span class='ocrx_word' id='word_1_224' title='bbox 728 3761 769 3812; x_wconf 78' lang='lat' dir='ltr'><strong>ior</strong></span> <span class='ocrx_word' id='word_1_225' title='bbox 785 3765 955 3813; x_wconf 61' lang='lat' dir='ltr'><strong>moveremur</strong></span> <span class='ocrx_word' id='word_1_226' title='bbox 972 3759 1057 3811; x_wconf 78' lang='lat' dir='ltr'><strong>whioh</strong></span> <span class='ocrx_word' id='word_1_227' title='bbox 1074 3759 1156 3811; x_wconf 70' lang='lat' dir='ltr'><strong>naon</strong></span> <span class='ocrx_word' id='word_1_228' title='bbox 1177 3761 1290 3813; x_wconf 79' lang='lat' dir='ltr'><strong>retains:</strong></span> 
     </span>
     <span class='ocr_line' id='line_1_34' title="bbox 127 3841 1291 3910; baseline 0.002 -16"><span class='ocrx_word' id='word_1_229' title='bbox 127 3841 537 3895; x_wconf 62' lang='lat' dir='ltr'><strong>nominandorum</strong></span> <span class='ocrx_word' id='word_1_230' title='bbox 554 3843 839 3895; x_wconf 75' lang='lat' dir='ltr'><strong>oumedthomistako.</strong></span> <span class='ocrx_word' id='word_1_231' title='bbox 938 3845 987 3897; x_wconf 78' lang='lat'><strong>943</strong></span> <span class='ocrx_word' id='word_1_232' title='bbox 1005 3846 1132 3895; x_wconf 74' lang='lat' dir='ltr'><strong>animate</strong></span> <span class='ocrx_word' id='word_1_233' title='bbox 1148 3847 1291 3910; x_wconf 69' lang='lat' dir='ltr'><strong>lauruque</strong></span> 
     </span>
     <span class='ocr_line' id='line_1_35' title="bbox 127 3925 1291 3989; baseline 0 -12"><span class='ocrx_word' id='word_1_234' title='bbox 127 3930 231 3977; x_wconf 63' lang='lat' dir='ltr'><strong>dente</strong></span> <span class='ocrx_word' id='word_1_235' title='bbox 246 3925 324 3989; x_wconf 75' lang='lat' dir='ltr'><strong>Hugo</strong></span> <span class='ocrx_word' id='word_1_236' title='bbox 338 3925 473 3976; x_wconf 78' lang='lat' dir='ltr'><strong>Parmann</strong></span> <span class='ocrx_word' id='word_1_237' title='bbox 490 3927 521 3976; x_wconf 89' lang='lat' dir='ltr'><strong>in</strong></span> <span class='ocrx_word' id='word_1_238' title='bbox 539 3925 633 3977; x_wconf 82' lang='lat' dir='ltr'><strong>Jahn&#39;o</strong></span> <span class='ocrx_word' id='word_1_239' title='bbox 652 3925 743 3977; x_wconf 83' lang='lat' dir='ltr'><strong>Jahrb.</strong></span> <span class='ocrx_word' id='word_1_240' title='bbox 763 3927 783 3976; x_wconf 75' lang='grc'>1</span> <span class='ocrx_word' id='word_1_241' title='bbox 802 3926 898 3977; x_wconf 82' lang='lat' dir='ltr'><strong>Philol.</strong></span> <span class='ocrx_word' id='word_1_242' title='bbox 919 3926 951 3980; x_wconf 81' lang='grc'><strong>67</strong></span> <span class='ocrx_word' id='word_1_243' title='bbox 969 3940 996 3989; x_wconf 86' lang='lat' dir='ltr'><strong>p.</strong></span> <span class='ocrx_word' id='word_1_244' title='bbox 1015 3926 1064 3978; x_wconf 76' lang='grc'><strong>678</strong></span> <span class='ocrx_word' id='word_1_245' title='bbox 1082 3926 1122 3976; x_wconf 87' lang='lat' dir='ltr'><strong>lor</strong></span> <span class='ocrx_word' id='word_1_246' title='bbox 1139 3928 1291 3977; x_wconf 70' lang='lat' dir='ltr'><strong>autumnum</strong></span> 
     </span>
     <span class='ocr_line' id='line_1_36' title="bbox 127 4006 1291 4074; baseline 0.001 -16"><span class='ocrx_word' id='word_1_247' title='bbox 127 4023 255 4074; x_wconf 60' lang='lat' dir='ltr'><strong>quaque</strong></span> <span class='ocrx_word' id='word_1_248' title='bbox 271 4014 378 4058; x_wconf 63' lang='lat' dir='ltr'><strong>armoe.</strong></span> <span class='ocrx_word' id='word_1_249' title='bbox 411 4010 569 4059; x_wconf 71' lang='lat' dir='ltr'><strong>animaruum</strong></span> <span class='ocrx_word' id='word_1_250' title='bbox 585 4016 773 4059; x_wconf 75' lang='lat' dir='ltr'><strong>concuterentur</strong></span> <span class='ocrx_word' id='word_1_251' title='bbox 788 4009 870 4059; x_wconf 87' lang='lat' dir='ltr'><strong>Laoh.</strong></span> <span class='ocrx_word' id='word_1_252' title='bbox 969 4009 1018 4060; x_wconf 80' lang='lat'><strong>941</strong></span> <span class='ocrx_word' id='word_1_253' title='bbox 1036 4008 1114 4058; x_wconf 83' lang='lat' dir='ltr'><strong>Born.</strong></span> <span class='ocrx_word' id='word_1_254' title='bbox 1126 4006 1201 4058; x_wconf 82' lang='lat' dir='ltr'><strong>resds</strong></span> <span class='ocrx_word' id='word_1_255' title='bbox 1212 4010 1291 4059; x_wconf 75' lang='lat' dir='ltr'><strong>omat-</strong></span> 
     </span>
     <span class='ocr_line' id='line_1_37' title="bbox 126 4084 1292 4150; baseline -0.002 -13"><span class='ocrx_word' id='word_1_256' title='bbox 126 4090 222 4137; x_wconf 68' lang='lat' dir='ltr'><strong>er&#39;mo</strong></span> <span class='ocrx_word' id='word_1_257' title='bbox 234 4084 288 4135; x_wconf 71' lang='lat' dir='ltr'><strong>und</strong></span> <span class='ocrx_word' id='word_1_258' title='bbox 303 4086 353 4137; x_wconf 79' lang='grc'><strong>948</strong></span> <span class='ocrx_word' id='word_1_259' title='bbox 368 4085 451 4148; x_wconf 82' lang='lat' dir='ltr'><strong>keeps</strong></span> <span class='ocrx_word' id='word_1_260' title='bbox 466 4084 513 4135; x_wconf 88' lang='lat' dir='ltr'><strong>tho</strong></span> <span class='ocrx_word' id='word_1_261' title='bbox 530 4086 709 4149; x_wconf 76' lang='lat' dir='ltr'><strong>mo.rsading:</strong></span> <span class='ocrx_word' id='word_1_262' title='bbox 727 4094 828 4136; x_wconf 66' lang='lat' dir='ltr'><strong>tuem</strong></span> <span class='ocrx_word' id='word_1_263' title='bbox 841 4087 949 4150; x_wconf 85' lang='lat' dir='ltr'><strong>isquite</strong></span> <span class='ocrx_word' id='word_1_264' title='bbox 966 4084 1249 4150; x_wconf 71' lang='lat' dir='ltr'><strong>foreigntothesense</strong></span> <span class='ocrx_word' id='word_1_265' title='bbox 1263 4084 1292 4136; x_wconf 81' lang='lat' dir='ltr'><strong>ol</strong></span> 
     </span>
     <span class='ocr_line' id='line_1_38' title="bbox 126 4166 1252 4232; baseline 0.003 -14"><span class='ocrx_word' id='word_1_266' title='bbox 126 4167 307 4231; x_wconf 59' lang='lat' dir='ltr'><strong>themam</strong></span> <span class='ocrx_word' id='word_1_267' title='bbox 323 4167 377 4217; x_wconf 84' lang='lat' dir='ltr'><strong>else</strong></span> <span class='ocrx_word' id='word_1_268' title='bbox 385 4166 465 4217; x_wconf 82' lang='lat' dir='ltr'><strong>Luer.</strong></span> <span class='ocrx_word' id='word_1_269' title='bbox 473 4166 558 4217; x_wconf 76' lang='lat' dir='ltr'><strong>would</strong></span> <span class='ocrx_word' id='word_1_270' title='bbox 565 4170 612 4218; x_wconf 83' lang='lat' dir='ltr'><strong>not</strong></span> <span class='ocrx_word' id='word_1_271' title='bbox 619 4166 948 4230; x_wconf 71' lang='lat' dir='ltr'><strong>avoidnsingoomituenm</strong></span> <span class='ocrx_word' id='word_1_272' title='bbox 956 4167 1009 4218; x_wconf 85' lang='lat' dir='ltr'><strong>and</strong></span> <span class='ocrx_word' id='word_1_273' title='bbox 1017 4177 1117 4220; x_wconf 79' lang='lat' dir='ltr'><strong>tuentur</strong></span> <span class='ocrx_word' id='word_1_274' title='bbox 1126 4170 1252 4232; x_wconf 77' lang='lat' dir='ltr'><strong>together.</strong></span> 
     </span>
    </p>

    <p class='ocr_par' dir='ltr' id='par_1_24' title="bbox 161 4246 1228 4301">
     <span class='ocr_line' id='line_1_39' title="bbox 161 4246 1228 4301; baseline 0.001 -2"><span class='ocrx_word' id='word_1_275' title='bbox 161 4248 213 4299; x_wconf 72' lang='lat'><strong>⁹51</strong></span> <span class='ocrx_word' id='word_1_276' title='bbox 230 4250 318 4298; x_wconf 69' lang='lat' dir='ltr'><strong>cauus</strong></span> <span class='ocrx_word' id='word_1_277' title='bbox 328 4247 351 4297; x_wconf 86' lang='lat' dir='ltr'>B</span> <span class='ocrx_word' id='word_1_278' title='bbox 362 4261 427 4298; x_wconf 79' lang='lat' dir='ltr'><strong>sorr.</strong></span> <span class='ocrx_word' id='word_1_279' title='bbox 438 4246 548 4297; x_wconf 65' lang='lat' dir='ltr'><strong>mosol</strong></span> <span class='ocrx_word' id='word_1_280' title='bbox 564 4247 604 4298; x_wconf 83' lang='lat' dir='ltr'><strong>ior</strong></span> <span class='ocrx_word' id='word_1_281' title='bbox 613 4252 707 4301; x_wconf 73' lang='lat' dir='ltr'><strong>wotos.</strong></span> <span class='ocrx_word' id='word_1_282' title='bbox 741 4251 821 4298; x_wconf 78' lang='lat' dir='ltr'><strong>eiecit.</strong></span> <span class='ocrx_word' id='word_1_283' title='bbox 854 4252 913 4299; x_wconf 75' lang='lat' dir='ltr'><strong>eicit</strong></span> <span class='ocrx_word' id='word_1_284' title='bbox 927 4249 998 4300; x_wconf 84' lang='lat' dir='ltr'><strong>Nieo.</strong></span> <span class='ocrx_word' id='word_1_285' title='bbox 1009 4250 1079 4300; x_wconf 80' lang='lat' dir='ltr'><strong>Flor.</strong></span> <span class='ocrx_word' id='word_1_286' title='bbox 1088 4250 1119 4299; x_wconf 84' lang='lat' dir='ltr'><strong>sl</strong></span> <span class='ocrx_word' id='word_1_287' title='bbox 1137 4251 1228 4301; x_wconf 79' lang='lat' dir='ltr'><strong>(lamb.</strong></span> 
     </span>
    </p>

    <p class='ocr_par' dir='ltr' id='par_1_25' title="bbox 128 4329 1295 4478">
     <span class='ocr_line' id='line_1_40' title="bbox 161 4329 1293 4383; baseline -0.002 -1"><span class='ocrx_word' id='word_1_288' title='bbox 161 4331 213 4382; x_wconf 72' lang='grc'><strong>954</strong></span> <span class='ocrx_word' id='word_1_289' title='bbox 230 4332 313 4381; x_wconf 75' lang='lat' dir='ltr'><strong>oblato</strong></span> <span class='ocrx_word' id='word_1_290' title='bbox 329 4329 373 4380; x_wconf 85' lang='lat' dir='ltr'><strong>old</strong></span> <span class='ocrx_word' id='word_1_291' title='bbox 390 4329 445 4381; x_wconf 82' lang='lat' dir='ltr'><strong>odo.</strong></span> <span class='ocrx_word' id='word_1_292' title='bbox 461 4330 503 4380; x_wconf 76' lang='lat' dir='ltr'><strong>for</strong></span> <span class='ocrx_word' id='word_1_293' title='bbox 522 4332 617 4382; x_wconf 72' lang='lat' dir='ltr'><strong>eblum.</strong></span> <span class='ocrx_word' id='word_1_294' title='bbox 655 4368 658 4374; x_wconf 80' lang='lat'><em>-</em></span> <span class='ocrx_word' id='word_1_295' title='bbox 722 4332 771 4383; x_wconf 80' lang='grc'><strong>961</strong></span> <span class='ocrx_word' id='word_1_296' title='bbox 792 4333 902 4382; x_wconf 69' lang='lat' dir='ltr'><strong>couleur</strong></span> <span class='ocrx_word' id='word_1_297' title='bbox 923 4331 1017 4382; x_wconf 83' lang='lat' dir='ltr'><strong>Lamb.</strong></span> <span class='ocrx_word' id='word_1_298' title='bbox 1037 4332 1095 4381; x_wconf 78' lang='lat' dir='ltr'><strong>first</strong></span> <span class='ocrx_word' id='word_1_299' title='bbox 1119 4331 1160 4381; x_wconf 85' lang='lat' dir='ltr'><strong>lor</strong></span> <span class='ocrx_word' id='word_1_300' title='bbox 1181 4333 1293 4381; x_wconf 71' lang='lat' dir='ltr'><strong>contem</strong></span> 
     </span>
     <span class='ocr_line' id='line_1_41' title="bbox 128 4408 1295 4478; baseline 0.003 -19"><span class='ocrx_word' id='word_1_301' title='bbox 128 4408 218 4463; x_wconf 66' lang='lat' dir='ltr'><strong>which</strong></span> <span class='ocrx_word' id='word_1_302' title='bbox 233 4408 308 4462; x_wconf 62' lang='grc' dir='ltr'><strong>Μ.</strong></span> <span class='ocrx_word' id='word_1_303' title='bbox 324 4409 451 4475; x_wconf 65' lang='lat' dir='ltr'><strong>ammoy</strong></span> <span class='ocrx_word' id='word_1_304' title='bbox 466 4411 576 4463; x_wconf 77' lang='lat' dir='ltr'><strong>retains.</strong></span> <span class='ocrx_word' id='word_1_305' title='bbox 614 4415 693 4478; x_wconf 77' lang='lat' dir='ltr'><strong>pouu</strong></span> <span class='ocrx_word' id='word_1_306' title='bbox 712 4411 795 4465; x_wconf 73' lang='lat' dir='ltr'><strong>harh.</strong></span> <span class='ocrx_word' id='word_1_307' title='bbox 813 4412 854 4464; x_wconf 76' lang='lat' dir='ltr'><strong>ior</strong></span> <span class='ocrx_word' id='word_1_308' title='bbox 868 4416 979 4477; x_wconf 75' lang='lat' dir='ltr'><strong>possint:</strong></span> <span class='ocrx_word' id='word_1_309' title='bbox 1007 4427 1038 4462; x_wconf 83' lang='lat' dir='ltr'><strong>as</strong></span> <span class='ocrx_word' id='word_1_310' title='bbox 1054 4411 1101 4463; x_wconf 84' lang='lat' dir='ltr'><strong>tho</strong></span> <span class='ocrx_word' id='word_1_311' title='bbox 1120 4412 1181 4463; x_wconf 81' lang='lat' dir='ltr'><strong>verb</strong></span> <span class='ocrx_word' id='word_1_312' title='bbox 1198 4414 1295 4464; x_wconf 82' lang='lat' dir='ltr'><strong>oannot</strong></span> 
     </span>
    </p>
   </div>
   <div class='ocr_carea' id='block_1_5' title="bbox 0 0 1554 4984">
    <p class='ocr_par' dir='ltr' id='par_1_26' title="bbox 0 0 1554 4984">
     <span class='ocr_line' id='line_1_42' title="bbox 0 0 1554 4984; baseline 0 0"><span class='ocrx_word' id='word_1_313' title='bbox 0 0 1554 4984; x_wconf 95' lang='lat' dir='ltr'><strong> </strong></span> 
     </span>
    </p>
   </div>
  </div>
 </body>
</html>
