3092 4984
687 294 743 366 III

216 453 273 520 sed
296 454 412 519 manet
433 452 616 530 incolumis,
639 475 714 531 non,
737 454 882 539 inquam,
906 454 952 518 sic
974 477 1096 519 ummur

215 558 389 622 discidium
411 566 550 642 possunt
572 565 663 622 artus
683 557 827 643 perferre
849 558 963 636 relicti,

215 663 274 727 sed
295 663 430 748 penitus
451 671 593 747 pereunt
615 662 760 726 convulsi
782 684 908 748 conque
930 670 1131 748 putrescunt

217 789 259 831 ex
281 767 420 832 ineunte
441 789 522 831 aevo
544 766 591 831 sic
614 767 755 853 corporis
776 776 877 852 atque
900 760 1022 831 animai

216 881 334 936 mutua
355 871 466 935 vitalis
489 870 620 936 discunt
640 870 792 955 contagia
814 881 925 936 motus

216 974 373 1039 maternis
394 975 496 1039 etiem
517 975 674 1038 membris
698 975 838 1060 alvoque
860 983 998 1060 repostn

216 1075 387 1140 discidium
409 1085 447 1141 ut
468 1084 612 1161 nequeat
634 1075 706 1140 fieri
729 1077 800 1140 sine
822 1085 915 1162 peste
938 1077 1109 1162 maloque3

218 1190 254 1245 ut
276 1181 396 1257 videas,
420 1181 576 1265 quoniam
599 1181 805 1245 coniunctast
827 1203 925 1244 eausa
938 1181 1070 1256 salutis,

216 1283 424 1347 coniunctum
447 1304 577 1368 quoque
599 1291 752 1347 naturam
774 1283 949 1348 consistere
973 1305 1093 1348 eorum.

261 1387 357 1467 Quod
379 1394 537 1472 superest,
561 1386 663 1471 siquis
684 1408 800 1471 corpus
822 1386 943 1450 sentire
965 1386 1088 1450 refutat
1235 1402 1253 1467 3
1258 1399 1300 1466 50

216 1498 315 1576 atque
337 1490 484 1554 animem
506 1489 610 1554 credit
633 1490 832 1575 permixtam
854 1513 986 1576 corpore
1009 1500 1079 1555 toto

216 1596 377 1680 suscipere
399 1593 488 1658 hunc
508 1601 638 1657 motum
660 1615 760 1678 quem
784 1615 917 1658 sensum
939 1594 1183 1671 nominitamus,

217 1697 269 1761 vel
291 1697 482 1761 manifestas
504 1718 555 1759 res
575 1704 689 1759 contra
710 1718 868 1780 verusque
890 1705 1060 1781 repugnet.

218 1799 297 1884 quid
320 1799 364 1863 sit
386 1796 475 1863 enim
498 1819 614 1881 corpus
635 1797 756 1862 sentire
779 1797 853 1882 quis
875 1797 1002 1863 adferet
1024 1820 1190 1882 umquem,

217 1903 245 1967 si
267 1926 333 1968 non
355 1903 427 1988 ipsa
447 1903 557 1988 palam
579 1901 667 1988 quod
689 1924 741 1966 res
765 1901 857 1967 dedit
878 1924 916 1966 ac
939 1902 1049 1966 docuit
1073 1908 1154 1968 nost
1234 1918 1294 1985 355
1369 1986 1371 1991 ,

217 2015 252 2070 et
274 2007 408 2071 dimissa
430 2007 542 2071 anime
567 2028 682 2092 corpus
706 2014 795 2071 caret
820 2006 966 2092 undique
992 2029 1109 2088 sensu;

218 2109 325 2194 perdit
350 2108 438 2172 enim
463 2108 550 2194 quod
574 2131 639 2173 non
665 2108 833 2195 proprium
857 2108 922 2172 fuit
946 2108 1017 2173 eius
1041 2108 1075 2172 in
1099 2131 1185 2174 aevo.

219 2238 386 2290 immicus
406 2236 587 2279 emmim
608 2238 765 2280 rmnnun
785 2238 977 2280 mnemon
996 2237 1080 2278 urvo
1101 2237 1191 2290 Qunrr

260 2317 377 2382 Dicere
404 2340 499 2403 porro
526 2318 635 2383 oculos
660 2318 788 2383 nullam
811 2341 880 2382 rem
903 2340 1034 2383 cernere
1058 2340 1161 2403 posse,

219 2421 274 2488 sed
297 2445 356 2508 per
381 2445 436 2487 eos
458 2423 606 2487 animum
631 2431 670 2487 ut
694 2423 817 2487 foribus
841 2433 986 2508 spectare
1010 2422 1150 2501 reclusis,
1232 2423 1297 2504 360

218 2527 387 2606 difficilest,
414 2537 527 2592 contra
551 2550 626 2592 cum
651 2550 764 2592 sensus
789 2528 877 2592 dicat
903 2551 1032 2609 eorum;

220 2658 328 2701 snmus
348 2658 427 2699 mun
446 2658 565 2700 reims
585 2657 687 2710 Arous
706 2658 794 2700 ncrrs
814 2658 970 2700 nnrnunrr
989 2658 1033 2700 nn
1051 2658 1135 2701 mess

218 2740 342 2826 fulgida
363 2741 555 2826 praesertim
579 2762 653 2805 eum
677 2762 809 2805 cernere
833 2762 929 2826 saepe
954 2740 1137 2825 nequimus,

217 2845 342 2910 lumina
366 2845 545 2910 luminibus
569 2846 647 2931 quia
671 2845 764 2910 nobis
787 2845 1048 2931 praepediuntur.

218 2948 303 3035 quod
318 2947 441 3012 foribus
456 2969 521 3012 non
536 2947 575 3012 fit
586 2972 594 3027 ;
607 2970 714 3033 neque
730 2948 827 3024 enim,
843 2949 921 3033 quia
936 2947 1097 3013 cernimus
1112 2946 1183 3033 ipsi,
1230 2947 1290 3029 365

219 3054 301 3117 ostis
323 3052 503 3137 suscipiunt
525 3052 632 3116 ullum
655 3052 781 3117 reclusa
806 3053 957 3118 laborem

220 3167 386 3243 praeterea
409 3157 437 3222 si
460 3179 519 3242 pro
542 3156 665 3222 foribus
689 3168 767 3222 sunt
790 3158 917 3222 lumina
940 3162 1059 3234 nostra,

220 3258 283 3323 iam
306 3258 410 3344 magis
434 3259 593 3345 exemptis
617 3260 718 3324 oculis
742 3260 860 3325 debere
887 3257 1018 3323 videtur

222 3385 347 3427 comere
370 3384 421 3426 res
445 3361 573 3426 animus
597 3362 735 3426 sublatis
758 3360 906 3447 postibus
931 3359 1017 3443 ipsis.

263 3464 348 3529 Illud
374 3466 410 3528 in
433 3465 484 3529 his
507 3466 604 3529 rebus
628 3487 838 3552 nequaquam
862 3484 989 3526 sumere
1013 3461 1123 3547 possis
1229 3480 1294 3546 370

222 3566 397 3633 Democriti
421 3568 508 3661 quod
533 3577 645 3633 sancta
668 3568 730 3633 riri
754 3565 920 3632 sententia
942 3564 1044 3650 ponit,

136 3787 177 3838 lor
191 3804 242 3848 0013
258 3804 286 3840 os
299 3806 341 3842 eor
355 3790 380 3840 is
397 3793 519 3855 contrary
531 3793 560 3841 to
578 3791 624 3841 the
641 3805 721 3854 usage
741 3791 769 3840 ol
787 3790 866 3839 Lucr.
965 3789 1014 3840 346
1026 3797 1124 3853 reporta
1138 3789 1233 3842 Avanc.
1251 3793 1292 3843 lor

134 3878 238 3934 reporto.
268 3877 360 3937 reposti
372 3874 438 3923 Mur.
455 3874 530 3923 lunt.
547 3873 657 3924 without
677 3875 821 3931 sense‚not
838 3875 951 3937 repostis.
1049 3876 1098 3926 347
1112 3883 1141 3925 ut
1159 3876 1240 3926 added
1257 3877 1291 3939 by
1397 3898 1399 3901 ·

135 3951 201 4002 Her.
211 3952 280 4005 Junt.
379 3957 538 4019 atoresutat.
571 3955 772 4005 reruituthmb.
871 3958 920 4006 358
930 3956 1291 4023 isjnstlyejectedbyt‘reech

135 4031 164 4080 in
184 4036 256 4083 notes
271 4036 321 4085 und
335 4036 415 4086 Bern,
448 4036 529 4086 Lech.
545 4036 625 4100 keeps
644 4036 675 4095 it,
689 4036 737 4086 but
755 4037 796 4086 for
814 4038 947 4100 Multaque
966 4040 1040 4089 reads
1059 4042 1186 4104 nauaque
1207 4037 1291 4087 which

135 4127 222 4163 seems
232 4118 339 4180 scarcely
349 4117 417 4167 tobe
427 4117 516 4167 Lstin.
550 4118 643 4168 Lumb.
655 4117 798 4168 condemns
809 4121 857 4170 357
869 4119 954 4170 which
965 4121 1059 4173 Creeoh
1073 4124 1128 4171 vell
1140 4120 1257 4171 deiende.

168 4195 219 4243 ³61
233 4197 372 4259 Difficilem.
405 4199 550 4263 Deriperest
566 4199 659 4248 Lamb.
675 4199 716 4249 ed
727 4202 744 4248 2
755 4201 808 4250 ond
824 4203 849 4259 3,
861 4201 914 4251 oin
931 4203 1026 4253 Lacte:
1050 4203 1096 4252 bnt
1112 4218 1154 4249 see
1172 4204 1247 4247 notes
1264 4197 1289 4242 ἵ.

134 4277 208 4326 ἀίω
218 4276 304 4328 lumb.
316 4280 357 4329 tor
367 4281 452 4330 ducat.
551 4281 599 4331 362
616 4280 708 4331 Lemb.
726 4281 809 4345 jnstly
820 4282 924 4346 rejecta:
942 4284 963 4335 it
978 4284 1001 4333 ir
1019 4300 1036 4335 s
1046 4281 1171 4333 munile&
1181 4276 1250 4335 8³⁰&
1261 4276 1290 4318 ¹⁰

135 4357 503 4425 explentnooormptarear.
536 4360 691 4425 Irsoh.puts
706 4361 938 4423 iteltermnnd
952 4366 1024 4429 §rec
1039 4378 1055 4413 e
1069 4352 1289 4411 rnoettunffl¹¹
