3092 4984
691 286 738 350 vl

217 438 376 518 credatur,
398 448 472 525 post
494 440 570 505 hine
592 442 718 506 animas
739 441 937 507 Acheruntis
960 441 994 511 iu
1018 456 1108 507 oras'

217 542 335 607 dooere
357 542 440 607 forte
463 542 539 607 deos
561 543 666 608 manis
688 543 814 608 inferne
836 566 974 622 reamur,

217 644 350 708 naribus
372 643 516 729 alipedes
537 653 576 709 ut
598 644 683 708 cervi
706 667 803 730 saepe
825 654 987 731 putantur
1228 648 1288 729 765

217 747 334 812 ducere
356 747 397 813 de
420 747 552 814 latebris
574 749 739 835 serpentia
760 751 867 816 saecla
888 750 1040 817 ferarum.

216 852 304 937 quod
325 852 437 938 procul
458 875 479 917 a
500 875 576 918 vera
595 876 695 939 quam
718 855 761 920 sit
782 856 908 921 ratione
930 856 1095 943 repulsum

216 956 366 1042 percipe3
390 978 467 1021 nam
489 956 531 1021 de
552 978 588 1022 re
610 979 697 1022 nuno
719 957 792 1043 ipsa
812 958 920 1024 dicere
942 980 1046 1025 eonor.

260 1061 423 1146 Principio
445 1061 505 1126 hoe
527 1061 608 1136 dieo,
631 1061 719 1146 quod
741 1061 812 1126 dixi
833 1083 930 1147 saepe
952 1084 1083 1147 quoque
1105 1069 1189 1140 ante,

215 1163 251 1227 in
273 1173 361 1229 terra
382 1163 539 1249 cuiusque
561 1164 650 1229 modi
673 1187 783 1229 rerum
806 1187 874 1230 esee
897 1165 1035 1251 figuras;
1227 1182 1292 1248 770
1378 1176 1386 1191 ‘

217 1266 331 1344 multa
354 1267 426 1332 eibo
448 1290 533 1354 quae
554 1278 641 1345 sunt,
665 1268 787 1346 vitalia,
809 1270 989 1354 multaque,
1013 1269 1142 1334 morbos

215 1369 362 1435 incutere
385 1378 419 1435 et
441 1379 580 1436 mortem
603 1393 687 1456 quae
709 1372 834 1457 possint
856 1371 1044 1438 adcelerare.

214 1484 251 1538 et
272 1474 376 1559 magis
399 1495 468 1539 esse
490 1474 562 1539 aliis
584 1474 664 1539 alies
686 1474 911 1539 animantibus
932 1483 1025 1559 aptas

216 1597 268 1639 res
290 1573 333 1639 ad
354 1575 435 1640 vitai
457 1575 616 1640 rationem
639 1576 840 1641 ostendimus
862 1583 939 1641 ante

214 1689 349 1766 propter
370 1679 561 1745 dissimilem
583 1689 736 1746 naturam
757 1680 987 1766 dissimilisque
1227 1694 1287 1761 775

215 1793 362 1849 texturas
384 1784 471 1848 inter
492 1807 561 1849 sese
584 1785 771 1871 primasque
794 1785 921 1871 figuras.

214 1889 320 1953 multa
341 1896 452 1953 meant
474 1888 606 1953 inimica
627 1910 686 1974 per
707 1889 804 1966 auris,
827 1889 933 1954 multa
953 1910 1012 1974 per
1035 1887 1121 1975 ipsas

216 1992 385 2057 insinuant
406 1992 492 2057 naris
514 1992 634 2058 infesta
654 2003 754 2079 atque
777 2015 891 2079 aspera
913 1993 1009 2070 iaetu,

214 2118 275 2160 nec
296 2105 374 2161 sunt
396 2096 502 2161 multa
522 2118 638 2182 parum
661 2105 752 2161 taetu
774 2096 910 2162 vitanda
932 2118 1038 2183 neque
1061 2106 1173 2162 eutem

215 2207 348 2284 aspectu
370 2199 525 2284 fugienda
546 2221 722 2284 saporeque
745 2198 853 2263 tristia
874 2221 958 2284 quae
980 2200 1054 2264 sint.
1224 2200 1289 2280 780

260 2301 387 2366 Deinde
410 2302 519 2368 videre
541 2303 617 2367 licet
639 2324 738 2388 quam
761 2302 885 2367 multae
908 2302 974 2366 sint
995 2301 1120 2366 homini
1142 2324 1192 2365 res

213 2405 330 2470 acriter
352 2406 469 2471 infesto
492 2429 586 2472 sensu
609 2428 805 2492 spurcaeque
827 2428 1024 2492 gravesque3

214 2507 380 2573 arboribus
402 2510 544 2595 primum
567 2509 662 2574 certis
683 2510 790 2594 gravis
811 2509 927 2573 umbra
948 2509 1073 2574 tributa

213 2613 429 2697 usqueadeo,
452 2613 567 2698 eapitis
589 2612 710 2677 faciant
732 2621 771 2677 ut
793 2635 889 2698 saepe
911 2612 1044 2691 dolores,

213 2716 315 2801 siquis
335 2738 390 2781 eas
412 2725 524 2802 supter
545 2717 646 2781 iacuit
667 2725 847 2802 prostratus
868 2716 904 2779 in
925 2716 1040 2782 herbis.
1220 2718 1280 2798 785

213 2829 263 2884 est
284 2820 384 2884 etiam
407 2819 532 2904 magnis
553 2818 721 2884 Heliconis
743 2819 908 2884 montibus
930 2819 1022 2884 arbos

212 2923 299 2987 floris
321 2923 416 2988 odore
439 2923 605 2988 bominem
627 2932 733 2988 taetro
755 2931 909 2988 consuete
930 2944 1051 2990 necare.

212 3028 333 3092 scilicet
354 3028 435 3092 haee
456 3026 529 3091 ideo
551 3027 645 3091 terris
667 3048 708 3091 ex
730 3027 841 3091 omnia
862 3034 1007 3112 surgunt,

167 3185 173 3196 .
212 3131 317 3195 multa
339 3130 442 3195 modis
464 3130 577 3194 multis
599 3130 777 3194 multarum
799 3129 1053 3194 seminatorum

211 3233 297 3319 quod
320 3233 481 3318 permixta
502 3233 586 3317 gerit
608 3232 706 3298 tellus
732 3232 934 3318 discretaque
957 3231 1063 3298 tradit.
1218 3246 1282 3316 790

61 3453 64 3460 '
118 3465 155 3499 ne
168 3451 253 3511 polim
269 3448 338 3498 Flos.
346 3449 377 3499 81
395 3448 485 3500 camb.
497 3451 513 3498 2
524 3449 583 3498 Vat.
595 3449 661 3499 Mar.
674 3451 738 3499 eta:
754 3445 983 3497 hamalumburc
1000 3446 1039 3494 hir
1051 3445 1112 3496 Orci
1123 3446 1218 3507 potirer.
1251 3459 1281 3496 ue

113 3531 206 3594 posita
217 3530 267 3578 biis
277 3527 353 3579 Wak.
441 3531 489 3581 768
502 3531 640 3592 posthinc.
670 3537 754 3592 porta,
767 3530 826 3577 bino
837 3526 986 3576 Mandant.
998 3525 1151 3576 Lambeto.
1233 3526 1280 3577 704

118 3612 221 3672 inferne
232 3609 324 3661 Lamb.
334 3610 375 3660 ior
385 3613 495 3675 insensa.
594 3612 642 3663 788
654 3626 713 3660 num
723 3612 753 3659 de
764 3625 791 3660 re
801 3623 869 3658 nuno
880 3609 936 3671 ipro
946 3607 977 3656 B.
1010 3608 1040 3656 de
1049 3622 1076 3657 rr
1087 3620 1138 3656 om.
1148 3607 1183 3659 Ar
1200 3604 1282 3660 hensa

118 3690 235 3742 omitted
245 3706 274 3741 or
284 3691 556 3754 transposedinlater
566 3706 630 3746 mss,
663 3688 993 3754 namqoerpaadmvuig.
1092 3689 1140 3741 771
1152 3690 1206 3744 cibo
1217 3705 1281 3753 quoe

117 3782 181 3824 runt
192 3773 267 3825 Wak.
280 3774 337 3824 first
347 3775 387 3824 for
398 3776 453 3824 cibo
464 3789 524 3836 eque
535 3782 601 3823 runt.
636 3774 730 3821 homiui
745 3787 810 3834 quoe
824 3777 883 3822 suut
897 3770 989 3820 Lamb
1001 3771 1050 3820 eto.
1148 3772 1196 3826 777
1210 3775 1281 3824 aurr‘r

119 3855 189 3905 Mar.
207 3856 269 3920 (aes.
285 3857 313 3905 to
329 3855 427 3906 vietor.
445 3855 493 3905 but
511 3857 558 3905 not
576 3855 606 3905 in
623 3854 683 3918 ms.)
697 3852 779 3902 Aldl
795 3852 869 3902 runt.
885 3851 925 3904 for
943 3869 1028 3904 aurea.
1127 3857 1174 3907 778
1191 3870 1281 3917 arpem

118 3941 193 3988 iactu
204 3934 253 3986 Ed.
265 3935 305 3986 ior
319 3953 408 4000 aspera
420 3944 502 3986 taem:
520 3940 612 3995 iacere,
623 3938 736 3986 adiectus
752 3949 796 3985 are
813 3936 936 4000 speeialiy
947 3935 1004 3987 said
1019 3936 1047 3986 oi
1062 3931 1146 3996 rmell',
1158 3951 1187 3988 aa
1199 3951 1220 3986 11
1232 3938 1281 3987 840

119 4032 149 4067 rr
161 4019 222 4068 673:
238 4032 322 4080 oomp.
334 4019 390 4068 also
405 4019 512 4071 111047.
546 4018 634 4069 Bentl.
646 4016 754 4067 defends
771 4025 850 4077 taem,
865 4017 977 4082 perhaps
992 4018 1096 4083 rightly.
1129 4008 1221 4084 asper'a
1237 4020 1281 4068 od·

113 4106 181 4177 <eru
193 4097 288 4149 Lesb:
300 4098 347 4149 but
358 4101 453 4148 adacta
463 4098 569 4162 implias
580 4113 596 4148 a
606 4098 706 4148 violent
716 4097 804 4147 thrust
815 4112 845 4148 or
855 4097 937 4158 affort,
947 4114 976 4150 os
988 4099 1015 4149 of
1025 4113 1041 4148 a
1051 4114 1164 4162 respon,
1174 4097 1281 4150 atooth.

119 4181 196 4229 odore
212 4178 306 4229 Lamb.
323 4177 363 4230 ed.
379 4181 395 4228 7
411 4177 463 4229 ond
479 4182 504 4228 3.
605 4181 654 4231 780
671 4182 757 4229 tristia
775 4178 844 4230 Flor.
852 4179 883 4232 31
901 4180 990 4231 Camb.
1007 4181 1079 4232 Mon.
1090 4181 1149 4232 Ver.
1161 4181 1225 4230 Vsu.
1243 4180 1283 4228 tor

119 4261 240 4310 tristitie.
338 4261 387 4312 788
403 4263 459 4310 ideo
471 4262 544 4310 terris
556 4259 937 4312 Mar.Ald.17unt.iorindeo
950 4266 1002 4312 tris.
1091 4263 1139 4315 788
1152 4262 1176 4311 is
1186 4259 1282 4322 rightly

116 4341 210 4406 joined
223 4341 258 4405 by
269 4342 359 4393 camb.
371 4342 463 4402 hamb.
476 4342 529 4393 Gir.
541 4341 616 4394 Wuk.
628 4341 692 4392 with
703 4343 761 4395 790.
795 4341 892 4395 crach
907 4343 988 4396 Laoh.
999 4344 1047 4395 eto.
1059 4344 1168 4394 oonaeot
1182 4342 1205 4392 it
1218 4339 1281 4394 with

1151 4443 1192 4506 19
