3092 4984
450 817 492 892 Τ.
525 815 770 896 LUORETI
809 815 947 895 CARI

326 1042 726 1151 urrunnun
778 1067 1073 1155 NATURA

525 1353 660 1413 LIBER
687 1353 869 1414 TERTIUS

208 1771 237 1835 E
261 1771 403 1836 tenebris
425 1772 528 1836 tantis
551 1782 621 1836 tem
644 1772 766 1837 clarum
792 1774 944 1839 extollere
967 1775 1080 1839 lumen

207 1877 265 1962 qui
288 1876 411 1961 primus
435 1876 572 1961 potuisti
595 1877 772 1941 inlustrans
795 1878 964 1941 commoda
986 1878 1082 1954 ritae,

208 1990 242 2043 te
266 2001 390 2064 sequor,
415 2002 434 2043 o
458 1979 576 2045 Graiae
599 1980 707 2064 gentis
730 1980 837 2057 decus,
862 1981 962 2065 inque
985 1982 1052 2046 tuis
1075 2003 1160 2046 nune

209 2081 286 2146 ficta
307 2081 427 2166 pedum
451 2104 536 2167 pono
558 2083 676 2168 pressis
699 2083 836 2168 vestigia
859 2082 968 2168 signis,

209 2208 276 2249 non
299 2186 347 2249 ita
370 2185 514 2250 certandi
538 2185 674 2271 cupidus
697 2208 796 2271 quem
819 2196 952 2272 propter
974 2207 1118 2251 amorem
1259 2203 1275 2270 5

209 2287 297 2373 quod
318 2297 353 2354 te
377 2288 500 2352 imitari
523 2311 623 2370 eveo3
648 2289 726 2374 quid
751 2289 838 2353 enim
862 2289 1036 2354 contendat
1060 2290 1197 2356 hirundo

209 2390 324 2475 cycnis,
349 2400 408 2455 eut
431 2389 588 2475 quidnam
612 2391 761 2455 tremulis
784 2391 887 2456 faeere
909 2392 1043 2457 artubus
1066 2393 1160 2458 haedi

209 2493 375 2557 consimile
399 2494 434 2558 in
458 2516 554 2559 cursu
577 2496 703 2580 possint
727 2504 761 2559 et
784 2495 874 2560 fortis
898 2497 973 2582 equi
997 2498 1067 2562 vis?

209 2604 256 2671 tu,
280 2606 382 2681 pater,
407 2618 442 2660 es
464 2618 574 2662 rerum
598 2597 754 2675 inventor,
779 2606 816 2662 tu
840 2599 946 2684 patria
969 2600 1058 2664 nobis

208 2698 397 2783 suppedites
419 2707 600 2784 praecepta,
625 2699 755 2784 tuisque
780 2722 828 2779 ex,
853 2700 981 2778 inclute,
1006 2702 1131 2780 chartis,
1240 2721 1279 2767 10

207 2801 355 2866 floriferis
380 2810 418 2867 ut
441 2824 518 2888 apes
542 2803 577 2866 in
601 2803 736 2868 saltibus
760 2803 868 2868 omnis
890 2804 1002 2882 libant,
1061 2856 1064 2861 .

208 2904 319 2969 omnia
341 2926 400 2969 nos
426 2904 541 2969 itidem
564 2904 767 2991 depascimur
790 2926 887 2970 auree
909 2904 1003 2979 dictu

207 3028 315 3085 aures,
339 3016 500 3093 perpetua
522 3029 649 3093 semper
673 3007 862 3094 dignissima
884 3008 960 3073 vitu

207 3133 286 3176 nam
309 3110 409 3175 simul
432 3133 469 3175 ae
492 3111 575 3176 ratio
600 3120 658 3176 tua
679 3113 787 3197 coepit
810 3112 976 3177 vociferari

207 3224 363 3281 naturam
386 3237 503 3293 rerum,
528 3215 641 3280 divina
663 3224 773 3281 mente
798 3224 915 3293 coorta,

204 3319 387 3405 diffingiunt
408 3320 510 3385 animi
536 3330 680 3399 terrores,
705 3321 835 3386 moenia
860 3318 974 3383 mundi

206 3423 388 3502 discedunt
412 3432 520 3490 totum
544 3424 638 3489 video
661 3446 720 3510 per
745 3424 844 3487 inane
867 3421 937 3508 geri
962 3442 1020 3484 res.

206 3536 343 3614 apparet
367 3527 481 3592 divum
504 3550 628 3599 numen
651 3526 807 3613 sedesque
831 3524 962 3611 quietae

207 3654 290 3717 quus
313 3653 421 3717 neque
444 3631 636 3695 concutiunt
658 3631 749 3695 venti
772 3650 833 3694 nee
855 3627 969 3693 nubile
990 3627 1108 3693 nimbis

207 3741 384 3818 espergrmt
407 3754 516 3818 neque
538 3732 594 3796 nix
617 3732 683 3797 ueri
706 3740 854 3797 concretu
875 3730 992 3816 pruina
1237 3747 1279 3794 20

205 3859 288 3902 esna
309 3837 428 3902 cadens
450 3837 554 3902 violet
574 3859 759 3925 semperque
784 3836 949 3901 innubilus
972 3836 1083 3902 aether

167 4015 228 4064 113
247 4014 401 4065 Mon.Brix.
414 4015 475 4065 Ver.
487 4013 551 4065 Ven.
569 4014 608 4065 lor
622 4017 642 4065 0
657 4015 720 4065 elll
736 4014 811 4064 Vien.
823 4014 885 4075 frag.
902 4029 969 4065 em
987 4015 1009 4064 B
1028 4015 1098 4064 Nice.
1131 4016 1150 4061 A
1169 4013 1278 4062 Flor.3l

112 4097 213 4148 cmb.
311 4098 667 4160 llruanrevane.1uuger.
680 4096 827 4148 Gillium.
840 4097 880 4147 lor
895 4098 992 4146 limant.
1026 4102 1074 4144 ‘an
1086 4095 1168 4157 magis
1185 4097 1278 4145 libant’

113 4179 187 4229 Her.
286 4181 316 4232 15
333 4188 422 4232 coorta
438 4179 520 4230 Orelli
542 4179 624 4230 Laeli
643 4180 683 4230 lor
701 4188 819 4230 coortum.
917 4179 948 4227 21
965 4192 1105 4241 »nuperque
1125 4176 1197 4225 Nion
1215 4188 1280 4223 eorr.

113 4264 191 4315 nor.
200 4263 230 4312 31
247 4263 336 4315 Gamb.
354 4264 415 4314 vm.
435 4262 501 4311 11³6
511 4261 564 4311 und
581 4263 644 4312 1954
662 4261 756 4312 othon
770 4261 846 4309 Pont.
864 4258 929 4308 Mur.
940 4259 1014 4309 Junt.
1034 4255 1126 4305 Lumb.
1142 4252 1223 4304 Lseh.
1242 4253 1283 4300 lor
