3092 4984
227 306 287 389 168
779 271 828 359 iV

247 477 284 542 51
310 480 394 546 quae
416 454 509 543 quasi
531 452 740 519 membranae
762 450 815 514 vel
836 455 946 514 cortex
970 444 1235 527 nominitandast,
1340 461 1383 527 50

311 562 397 650 quod
419 559 558 646 speciem
580 580 617 623 ac
639 557 776 621 formam
799 554 939 619 similem
960 553 1045 638 gerit
1066 551 1137 617 eius
1159 552 1266 637 imago

311 668 543 750 cuiuscumque
566 664 653 729 cluet
675 661 716 725 de
738 681 869 745 corpore
891 659 963 723 fusa
983 657 1102 742 vagari.

246 791 291 854 44
312 769 346 834 id
368 770 445 835 licet
467 768 545 832 hine
569 763 717 852 quamvis
738 761 851 827 hebeti
874 781 1063 846 cognoscere
1085 758 1189 824 corde.

249 889 292 956 54
312 872 471 959 principio
493 870 649 956 quoniam
671 867 812 932 mittunt
833 866 868 929 in
890 866 987 930 rebus
1009 864 1130 949 apertis

314 997 446 1062 corpora
466 997 517 1040 res
540 973 672 1048 multae,
693 971 816 1056 partim
838 970 956 1033 diffusa
977 969 1090 1045 solute,
1343 981 1380 1049 55

313 1081 428 1145 robora
448 1101 508 1143 ceu
529 1077 657 1141 fumum
679 1075 819 1139 mittunt
841 1074 999 1159 ignesque
1019 1095 1183 1158 vaporem,

314 1196 349 1252 et
370 1187 490 1273 partim
512 1192 665 1251 contexta
685 1183 790 1269 magis
811 1182 1045 1267 condensaque,
1067 1189 1107 1244 ut
1128 1181 1206 1244 olim

314 1312 389 1356 cum
411 1290 523 1355 teretis
544 1295 671 1374 ponunt
692 1285 820 1350 tunicas
842 1292 966 1349 aestate
984 1283 1121 1361 cicadae,

315 1402 350 1459 et
370 1392 465 1459 vituli
489 1414 564 1472 cum
587 1390 794 1456 membranas
816 1387 857 1452 de
881 1410 1010 1473 corpore
1033 1409 1160 1453 summo

314 1508 483 1566 nascentes
503 1498 650 1575 mittunt,
673 1505 707 1561 et
728 1495 810 1561 item
832 1517 906 1560 cum
927 1495 1053 1560 lubrica
1074 1516 1204 1580 serpens

316 1603 408 1669 exuit
430 1602 465 1667 in
487 1601 587 1688 spinis
608 1608 754 1680 vestem3
775 1621 852 1663 nam
874 1620 970 1684 saepe
991 1598 1139 1663 videmus

316 1708 444 1774 illorum
466 1706 576 1792 spoliis
597 1727 711 1790 vepres
732 1703 946 1768 volitantibus
968 1710 1100 1768 auctas:

316 1834 399 1898 quae
422 1810 576 1896 quoniam
597 1809 690 1886 fiunt,
713 1807 823 1873 tenuis
844 1829 974 1893 quoque
996 1807 1095 1872 debet
1117 1805 1224 1892 imago

317 1916 359 1981 ab
382 1916 478 1981 rebus
499 1913 589 1978 mitti
612 1934 740 1977 summo
761 1911 803 1976 de
827 1933 958 1997 corpore
980 1933 1096 1976 rerum.

316 2041 394 2083 nam
416 2039 473 2083 cur
496 2017 553 2082 ifle
574 2015 691 2081 cadant
712 2016 816 2101 magis
837 2014 880 2079 ab
901 2013 1062 2099 rebusque
1084 2012 1237 2078 recedant
1340 2013 1380 2093 65

318 2143 417 2207 quam
440 2141 524 2205 quae
546 2119 658 2183 tenvia
679 2125 765 2195 sunt,
788 2115 966 2181 hiscendist
989 2115 1081 2181 nulla
1102 2123 1263 2202 potestas3

316 2223 506 2310 praesertim
528 2243 603 2287 eum
625 2220 691 2286 sint
714 2219 749 2285 in
770 2219 906 2284 summis
928 2241 1060 2305 corpora
1081 2219 1177 2284 rebus

317 2327 423 2391 multa
443 2326 580 2400 minuta,
603 2324 665 2388 iaci
687 2345 771 2409 quae
793 2323 917 2409 possint
939 2322 1051 2388 ordine
1073 2323 1188 2387 eodem

318 2450 382 2513 quo
405 2426 527 2492 fuerint
549 2434 583 2490 et
604 2425 720 2490 formai
742 2447 869 2491 servare
892 2425 1039 2511 figuram,

319 2540 353 2596 et
374 2531 479 2595 multo
501 2529 605 2608 citius,
629 2537 752 2614 quanto
773 2529 884 2593 minus
905 2527 1090 2613 indupediri
1346 2542 1389 2611 70

316 2655 421 2720 pauca
442 2640 569 2719 queunt
591 2641 625 2698 et
647 2639 726 2696 sunt
746 2631 784 2696 in
804 2632 910 2717 prima
932 2632 1038 2698 fronte
1060 2632 1173 2697 locata

319 2759 397 2800 nam
418 2744 505 2801 certe
527 2730 631 2801 iacere
653 2757 691 2800 ac
711 2735 824 2820 largiri
844 2736 951 2800 multa
973 2735 1129 2815 videmus,

317 2862 385 2903 non
406 2839 510 2904 solum
532 2860 573 2904 ex
594 2839 661 2903 alto
682 2839 889 2925 penitusque,
911 2848 950 2905 ut
972 2840 1114 2905 diximus
1137 2846 1223 2916 ante,

241 2929 245 2934 ⁴
318 2965 432 3007 verum
453 2941 493 3007 de
517 2940 652 3006 summis
673 2941 781 3027 ipsum
804 2964 933 3028 quoque
955 2965 1052 3028 saepe
1074 2943 1220 3010 colorem.

319 3057 354 3113 et
375 3048 469 3133 volgo
489 3046 613 3111 faciunt
634 3044 668 3109 id
690 3045 781 3110 lutea
802 3068 959 3132 russaque
983 3046 1057 3110 vela
1347 3061 1385 3130 75

319 3159 353 3217 et
374 3151 546 3236 ferrugine,
568 3171 642 3215 cum
664 3149 792 3234 magnis
814 3149 945 3214 intenta
965 3150 1103 3214 theatris

319 3278 378 3343 per
400 3257 502 3321 malos
524 3255 655 3341 volgata
677 3254 850 3340 trabesque
874 3254 1049 3318 trementia
1070 3255 1212 3336 flutant3

230 3457 301 3509 here.
335 3457 400 3508 Mar.
412 3458 464 3508 and
474 3458 547 3508 Junt.
560 3458 617 3509 first
628 3457 737 3508 omitted
751 3456 833 3508 them.
932 3459 965 3509 50
981 3475 1045 3521 quae
1060 3458 1162 3509 Nonius
1173 3458 1242 3507 Flor.
1251 3458 1282 3508 31
1299 3457 1389 3507 Gamb.

231 3542 280 3590 eta.
301 3538 411 3600 torqui.
509 3541 623 3589 51111111
641 3538 712 3589 Brix.
731 3541 827 3590 Arane.
845 3539 983 3589 aleator
1002 3544 1077 3589 ciaet.
1111 3543 1189 3589 cuiae
1205 3539 1276 3589 Nico.
1311 3541 1391 3588 tutet

232 3617 338 3668 moral
356 3618 446 3668 Gnmb.
479 3622 544 3669 eluet
555 3619 614 3670 Ver.
626 3621 693 3671 Van.
721 3630 798 3684 queat
809 3622 873 3671 Mer.
885 3622 960 3672 sunt.
1059 3624 1091 3672 53
1104 3622 1153 3686 (44)
1166 3619 1391 3669 first'transierred

231 3698 320 3749 hither
330 3699 365 3761 by
375 3699 440 3748 Mar.
453 3699 527 3750 Junt.
625 3702 658 3750 54
673 3704 778 3751 nectunt
789 3703 860 3753 Nico.
873 3703 913 3752 ior
923 3706 1067 3752 mittuntur.
1167 3702 1199 3751 68
1216 3702 1301 3749 eodem
1312 3701 1390 3750 Pont.

232 3779 297 3828 Mar.
310 3778 383 3828 June.
403 3778 443 3827 ior
459 3794 549 3829 eorum.
583 3795 666 3829 rerum
680 3781 745 3830 Van.
756 3782 853 3831 Arane.
953 3782 984 3833 69
1002 3789 1026 3831 et
1039 3782 1137 3844 formai
1157 3779 1194 3828 Is.
1207 3779 1282 3828 Voss.
1295 3779 1324 3828 in
1340 3794 1391 3829 ms.

231 3859 491 3921 notestoretsoma.
524 3867 615 3910 ermrm
625 3863 822 3925 sonnauoorr.
856 3873 997 3914 cemma
1008 3866 1118 3928 somnam
1130 3863 1219 3913 Camb.
1252 3868 1392 3912 veternare

225 3943 325 4005 semiue
345 3939 403 3989 Vat.
421 3940 485 3991 nus
504 3941 556 3991 and
574 3943 639 3994 1954
657 3942 751 3995 Othob.
763 3945 857 3996 Lamb.
889 3949 992 3997 solitam
1009 3954 1034 3996 et
1047 3948 1147 4010 jor-rem
1167 3946 1263 3995 Arane.
1280 3945 1391 4006 Nauger.

225 4024 373 4086 saetaeque
389 4021 632 4072 curmontium.
666 4026 813 4088 consument
830 4040 859 4076 or
875 4030 1028 4077 coruimilem
1039 4027 1106 4090 conj.
1118 4025 1210 4076 Lamb.
1244 4026 1392 4090 consenuere

232 4104 325 4155 Hains.
337 4104 366 4153 in
376 4119 426 4154 ms.
438 4107 521 4155 notes.
631 4109 662 4159 71
679 4116 703 4157 et
714 4117 772 4159 sunt
779 4113 865 4173 prima
876 4110 930 4159 ΔΒ.
944 4111 1099 4174 ‘quadratus
1109 4110 1188 4161 habet
1200 4112 1228 4159 in
1238 4112 1299 4158 ants
1306 4111 1392 4171 prima

231 4185 349 4237 additum
366 4184 591 4250 antiquissimae
607 4203 661 4239 non
677 4188 761 4253 prima
778 4194 875 4240 manu'
891 4189 987 4240 1111111
1006 4206 1035 4240 so
1050 4191 1127 4240 Pont.
1140 4190 1205 4239 Mar.
1217 4188 1298 4238 Aldl
1316 4189 1391 4239 sunt.

231 4265 403 4330 1155111115.
435 4274 460 4316 et
478 4283 542 4331 quae
558 4276 616 4318 cunt
630 4272 717 4333 primu
735 4270 816 4320 Lech.
850 4278 875 4321 et
892 4279 951 4320 arnt
964 4275 1051 4334 primu
1068 4274 1114 4321 aab
1126 4271 1194 4321 Flor.
1203 4272 1234 4320 31
1251 4270 1342 4320 camb.

266 4351 297 4402 72
314 4351 396 4405 terere
407 4365 437 4401 ee
449 4350 1111 4416 1119515115.ωοειωιιιοιγίοιῑαειτιαεῑηρενῑ.
1145 4357 1227 4404 iacere
1238 4368 1269 4403 ac
1280 4352 1391 4403 iaculari
