3092 4984
811 286 860 350 vl

347 461 420 507 cera
441 460 539 526 auper
559 436 663 503 calido
685 436 854 502 tabescens
875 433 981 499 multa
1001 432 1168 519 liquescat.

347 544 404 610 aed
426 564 558 608 vemens
580 542 684 606 imber
706 536 752 618 fit
774 538 833 604 ubi
855 545 1025 603 vementer
1044 545 1184 622 utraque

348 648 461 714 nubila
481 647 514 711 vi
535 645 702 710 cumulata
723 649 916 729 premuntur
937 649 972 706 et
993 641 1117 726 impete
1138 639 1234 705 renti.

347 762 447 838 atque
469 760 582 815 tenere
604 748 661 814 diu
682 748 814 835 pluviae
835 746 1035 832 longumque
1056 743 1175 809 morari

348 861 552 932 consuerunt,
574 852 632 917 ubi
653 851 759 916 multa
779 850 907 916 cientur
927 849 1054 915 nemina
1074 870 1232 935 aquarum
1342 857 1417 925 520

349 969 449 1044 atque
470 957 542 1021 aliia
564 956 646 1021 aliae
667 954 772 1020 nobee
793 953 964 1040 nimbique
985 953 1129 1038 rigantes

349 1064 482 1147 insuper
503 1067 602 1144 atque
623 1058 713 1123 omni
734 1056 833 1143 vulgo
854 1056 1011 1153 de'perte
1032 1055 1189 1133 feruntur,

349 1175 500 1250 terraque
522 1184 597 1227 oum
618 1161 748 1226 fumans
769 1180 916 1224 umorem
938 1167 1009 1223 tota
1030 1157 1188 1224 redhulat

350 1269 404 1334 hio
425 1266 482 1333 ubi
504 1266 552 1331 eol
573 1264 671 1330 radiis
692 1270 924 1349 tempestatem
946 1262 1032 1327 inter
1053 1284 1188 1347 opacam

350 1369 484 1433 adversa
505 1367 598 1432 fulsit
618 1367 804 1432 nimborum
825 1365 994 1453 aspargine
1017 1376 1140 1443 contra,
1347 1377 1409 1445 525

351 1483 423 1538 tum
445 1472 531 1535 color
551 1470 586 1535 in
608 1471 709 1556 nigris
731 1470 843 1538 existit
865 1471 1007 1537 nubibus
1028 1472 1130 1558 arqui.

394 1577 511 1642 Cetera
532 1597 616 1661 quae
638 1597 763 1640 sorsum
785 1584 934 1641 creseunt
955 1597 1143 1661 comumque
1165 1585 1321 1654 creantur,

351 1688 386 1744 et
408 1699 492 1764 quae
513 1685 723 1743 concrescunt
745 1679 780 1742 in
802 1679 951 1756 nubibus,
974 1679 1092 1757 omnia,
1114 1701 1262 1764 proteum

351 1781 467 1860 omnia,
490 1780 548 1845 nix
568 1781 659 1846 venti
680 1780 803 1867 grando
824 1779 1014 1868 gelidaeque
1038 1782 1175 1867 pruinae

351 1895 387 1958 ct
407 1886 456 1949 via
479 1905 598 1970 magna
617 1884 692 1971 geli,
714 1905 872 1970 magnum
893 1883 1050 1949 duramen
1073 1905 1241 1968 aquarum,

352 1998 387 2055 et
408 2010 499 2053 mora
520 2009 604 2073 quae
625 1987 741 2053 fluvios
762 1986 881 2072 poesim
904 1985 1046 2050 refrenat
1067 1986 1183 2061 euntia,

352 2091 534 2179 perfacilest
555 2099 667 2156 tamen
689 2090 769 2155 haec
790 2088 931 2175 reperire
952 2088 1126 2174 animoque
1147 2087 1256 2154 videre

353 2195 463 2259 omnia
484 2214 549 2280 quo
570 2203 665 2280 pacto
687 2193 768 2259 fiant
790 2213 931 2278 quareve
951 2200 1110 2269 creentur,

353 2320 427 2364 cum
449 2298 534 2364 bene
555 2298 700 2383 cognoris
721 2296 891 2362 elementia
912 2295 1040 2361 reddita
1061 2317 1145 2381 quae
1167 2295 1241 2362 sint.

397 2402 497 2466 Nunc
518 2423 579 2488 age
601 2423 685 2486 quae
706 2401 790 2466 ratio
811 2399 909 2466 terrai
930 2399 1073 2465 motibus
1095 2408 1186 2466 extet

352 2504 490 2591 percipe
513 2514 547 2570 et
568 2506 604 2570 in
625 2504 738 2591 primia
760 2512 882 2570 terram
902 2503 954 2569 fac
975 2511 1015 2569 ut
1036 2524 1106 2570 esse
1127 2505 1227 2570 rearis

353 2617 466 2695 supter
487 2608 568 2675 item
590 2618 628 2674 ut
650 2630 768 2695 supera
788 2609 931 2676 ventosis
953 2608 1099 2694 undique
1120 2608 1251 2695 plenam

354 2712 516 2797 speluncis
537 2711 724 2799 multosque
745 2712 835 2779 lacus
855 2713 1043 2798 multasque
1064 2713 1200 2778 lucunas

355 2812 390 2878 in
411 2814 534 2897 gremio
555 2835 667 2898 gerere
688 2822 722 2880 et
743 2836 841 2901 rupea
863 2815 1066 2901 deruptaque
1087 2836 1180 2894 aa1a3
1495 2881 1497 2885 .

355 2916 525 3001 multaque
546 2917 607 2982 sub
629 2926 721 3003 tergo
742 2919 840 2983 terrei
862 2918 1000 2985 flumina
1021 2925 1110 2984 tecta
1364 2933 1424 3000 540

354 3017 482 3083 volvere
503 3016 537 3082 vi
558 3018 676 3086 fluctus
697 3042 941 3108 summeraaque
962 3043 1040 3087 saxa
1060 3020 1295 3108 putandumet;

268 3185 350 3239 Laoh.
361 3187 402 3239 lor
415 3188 503 3250 orreo
514 3203 609 3252 rupero.
646 3190 721 3251 Urget
732 3197 757 3239 et
767 3205 780 3239 e
791 3206 880 3255 rupero
892 3190 914 3241 Δ
925 3206 989 3241 corr.
1000 3190 1072 3241 Nico.
1083 3190 1153 3254 vulg.
1251 3191 1300 3241 515
1315 3192 1425 3241 tullent-

269 3287 317 3333 que
332 3272 354 3320 B
371 3286 435 3321 corr.
448 3270 537 3322 Lumb.
550 3269 591 3321 lor
605 3273 727 3322 alluente.
826 3273 876 3323 515
892 3274 959 3323 Ocra
974 3273 1424 3325 Flor.ulP0nr.uar.A1u11mt

268 3355 309 3406 lor
321 3355 391 3404 Tela.
426 3355 494 3403 Tedc
505 3354 527 3403 B
539 3368 603 3403 corr.
701 3354 750 3403 518
761 3355 798 3404 ot.
830 3356 904 3417 cquis
915 3354 996 3405 Iaaoh.
1007 3355 1117 3419 thereby
1126 3355 1233 3420 mining
1242 3354 1289 3406 the
1302 3370 1386 3407 55555.

302 3437 351 3486 519
362 3439 443 3500 Atque
456 3443 536 3485 teum
548 3435 627 3486 Lech.
640 3435 680 3486 lor
690 3437 725 3485 Ar
735 3439 862 3486 retineret.
896 3438 1067 3489 Atrerruucrc
1078 3438 1157 3488 Bern.
1263 3440 1425 3491 5105155155

269 3515 351 3568 Lech.
364 3515 430 3567 lrom
445 3515 538 3578 aoonj.
549 3516 577 3566 ol
587 3516 661 3566 Wulr.
673 3516 713 3565 ior
722 3518 828 3580 flentur.
855 3518 968 3581 fluenter
986 3517 1095 3568 Florum
1114 3518 1205 3570 camb.
1216 3518 1292 3570 Wak
1320 3523 1425 3584 sum

271 3594 335 3646 Mer.
354 3593 434 3646 uer
454 3595 529 3647 lunt.
625 3598 674 3647 513
690 3612 808 3647 eruorem.
842 3598 967 3648 tamem
985 3598 1045 3648 AB:
1062 3599 1136 3650 olten
1151 3613 1182 3649 aa
1192 3598 1247 3649 thir
1258 3599 1311 3651 and
1321 3604 1425 3664 cognate

270 3671 353 3728 words
372 3687 456 3732 occur,
476 3675 530 3726 thia
546 3675 571 3726 ia
586 3675 632 3727 the
649 3678 711 3740 only
726 3678 845 3729 inatanoa
855 3679 941 3730 where
956 3681 978 3730 B
995 3679 1045 3731 haa
1061 3680 1107 3731 tha
1123 3681 1249 3743 aspirato:
1270 3680 1352 3733 Ahaa
1362 3683 1384 3733 it
1398 3683 1424 3732 in

270 3751 346 3805 three
365 3751 440 3804 other
459 3754 559 3820 placeo:
584 3768 607 3804 11
626 3757 690 3804 1114
708 3759 784 3807 Umor
800 3761 835 3807 ad
851 3761 975 3810 humorem
986 3761 1016 3810 A.
1057 3762 1172 3812 redimat
1189 3761 1312 3812 1nVoar.
1331 3762 1362 3812 in
1378 3778 1423 3813 ma

270 3833 347 3882 actea
362 3830 403 3880 ior
419 3834 546 3887 cedrum:
563 3832 597 3884 he
614 3834 671 3883 aleo
686 3849 809 3899 propoaea
827 3840 935 3888 relotrar
955 3839 1018 3890 ‘ie
1036 3840 1172 3903 rapoaoit‘.
1204 3842 1305 3891 reluctat
1321 3841 1346 3891 Δ
1363 3856 1423 3893 oorr.

270 3913 339 3974 vulg.
437 3912 486 3962 514
498 3915 563 3964 iuter
573 3914 644 3966 Nico.
655 3916 695 3966 lor
705 3919 758 3966 inte
769 3920 801 3978 Β,
813 3922 861 3969 ime
873 3921 903 3971 Α.
1011 3924 1059 3975 517
1076 3939 1344 3988 aoroum...rommquc
1356 3925 1423 3975 Koch

270 3994 299 4044 in
311 3990 481 4043 Rheinmua.
492 4008 519 4043 n.
531 3995 549 4045 1.
558 4010 609 4045 rur
620 4010 645 4059 p.
654 3999 703 4047 640
713 3998 1040 4068 lornmem„aurmmque.
1074 4021 1303 4070 mmeramme
1313 4007 1394 4058 Laeli.

303 4072 918 4133 531eumenen.Pontavanouoravimo.
952 4086 1159 4137 cameleon.
1193 4087 1422 4150 aquautmlilortl
1523 4095 1524 4106 ¹

271 4156 422 4209 uerum.
519 4161 568 4210 aaa
578 4163 648 4225 fiam
657 4156 1052 4232 uenursunerorflmi.
1151 4172 1200 4222 rau
1218 4171 1422 4221 muneri

271 4238 360 4291 Camb.
371 4242 419 4290 etc.
432 4239 472 4289 lor
487 4247 576 4293 unua.
674 4244 723 4297 587
739 4259 830 4308 rupero
848 4245 942 4297 Arane.
954 4248 995 4298 lor
1012 4263 1094 4313 reaper.
1127 4266 1205 4315 cupro
1224 4259 1260 4301 ert
1277 4250 1342 4301 Mar.
1354 4252 1422 4303 Junt.

270 4314 393 4388 rupero're
403 4320 495 4376 bamb.
507 4323 556 4375 etc.
589 4326 697 4376 neumis
708 4323 782 4376 Wak.
793 4326 835 4378 lor
850 4329 940 4388 omia,
952 4331 1081 4394 ‘enegio'
1092 4345 1153 4395 aare
1171 4332 1252 4385 bach.
1262 4332 1353 4397 inatly.
