3092 4984
707 331 736 390 v

219 495 361 570 quantae
384 493 456 549 tum
479 484 633 549 scindunt
655 485 823 549 hominem
845 486 1037 571 cuppedinis
1059 507 1148 551 acres
1255 501 1295 567 45

219 585 394 648 sollicitum
416 605 512 647 curae
535 584 715 668 quantique
740 584 878 669 perinde
905 585 1056 649 timores}

219 686 338 770 quidve
361 686 513 771 superbia
534 688 690 772 spurcitia
716 708 753 750 ac
773 686 984 771 petulantial
1013 695 1154 771 quantes

219 789 364 853 efficiunt
386 789 511 853 cladesl
541 790 621 874 quid
641 790 738 854 luxus
761 790 994 874 desidiaequel

218 892 298 958 haec
318 895 420 979 igitur
436 894 493 978 qui
517 905 635 959 cuncta
665 895 830 979 subegerit
857 916 898 959 ex
920 893 1093 978 animoque

220 996 383 1080 expulerit
402 996 506 1072 dictis,
528 1019 594 1060 non
615 996 722 1075 armis,
748 1019 856 1060 nonne
877 994 1006 1060 decebit

220 1098 307 1163 hunc
326 1099 492 1164 hominem
513 1122 649 1164 numero
669 1099 779 1163 divom
800 1098 965 1183 dignarier
985 1102 1076 1163 esse?

219 1223 294 1265 cum
316 1202 399 1266 bene
421 1204 612 1286 praesertim
642 1204 748 1267 multa
769 1225 807 1266 ac
827 1202 986 1267 divinitus
1005 1201 1084 1286 ipsis

220 1305 451 1371 immortalibu’
472 1307 512 1370 de
532 1307 616 1371 divis
635 1306 711 1370 dare
730 1306 819 1371 dicta
836 1306 938 1371 suerit

218 1416 317 1492 atque
338 1431 469 1473 omnem
490 1433 597 1474 rerum
619 1420 771 1474 naturam
791 1408 933 1493 pandere
951 1407 1052 1472 dictis

262 1510 363 1574 Cuius
385 1533 446 1594 ego
464 1512 626 1597 ingressus
644 1512 783 1597 vestigia
803 1511 883 1574 dum
900 1510 1043 1575 rationes

218 1634 393 1698 persequor
411 1637 449 1679 ac
470 1615 567 1679 doceo
586 1615 690 1691 dictis,
712 1637 777 1700 quo
800 1635 949 1699 quaeque
972 1621 1080 1676 creata

219 1717 346 1782 foedere
370 1719 445 1796 sint,
468 1719 501 1783 in
522 1742 561 1784 eo
583 1742 682 1805 quam
702 1719 746 1782 sit
766 1718 883 1781 durare
905 1737 1073 1780 necessum

218 1843 279 1885 nec
299 1822 422 1887 validas
441 1824 571 1888 valcant
594 1824 666 1888 aevi
690 1823 870 1887 rescindere
890 1821 986 1905 leges,

218 1947 283 2008 quo
302 1945 420 2010 genere
439 1927 473 1990 in
495 1926 608 2013 primis
632 1925 734 1991 animi
759 1934 878 1989 natura
904 1932 1033 2008 reperta
1051 1930 1101 1986 est
1132 1993 1142 2007 ·

218 2026 329 2089 nativo
350 2027 492 2112 primum
510 2029 685 2092 consistere
705 2050 836 2113 corpore
854 2036 943 2092 creta

218 2149 278 2191 nec
295 2151 387 2214 posse
407 2130 578 2195 incolumis
602 2154 757 2216 magnum
778 2132 894 2195 durare
914 2152 973 2215 per
992 2149 1114 2202 aevom,

219 2231 275 2296 sed
298 2233 470 2299 simulacra
492 2236 593 2300 solere
616 2236 649 2299 in
672 2237 793 2300 somnis
814 2236 925 2300 fallere
943 2241 1097 2308 mentem,

219 2357 348 2400 cernere
371 2360 446 2401 cum
466 2338 635 2403 videamur
655 2361 730 2403 cum
752 2361 851 2424 quem
873 2338 942 2403 vita
959 2334 1099 2420 reliquit,

218 2439 304 2523 quod
322 2449 476 2525 superest,
498 2464 584 2506 nunc
603 2442 667 2505 huc
690 2441 823 2505 rationis
845 2439 964 2505 detulit
986 2437 1070 2515 ordo,

218 2551 257 2606 ut
278 2543 360 2607 mihi
385 2546 515 2610 mortali
533 2545 706 2609 consistere
730 2566 859 2628 corpore
880 2542 1041 2606 mundum

218 2647 429 2733 nativomque
446 2648 544 2713 simul
562 2648 644 2712 ratio
662 2646 832 2713 reddunda
851 2646 894 2710 sit
916 2667 1004 2723 esse3

219 2756 254 2812 et
273 2749 392 2834 quibus
411 2750 466 2814 ille
492 2750 596 2814 modis
614 2770 801 2834 congressus
822 2746 969 2812 materiai

217 2851 363 2916 fundarit
380 2861 501 2916 terram
521 2852 648 2916 caelum
668 2872 757 2915 mare
776 2850 882 2914 sidera
898 2849 998 2913 solem

218 2954 373 3039 lunaique
395 2955 547 3040 globum3
575 2963 648 3018 tum
666 2975 749 3039 quae
772 2953 888 3018 tellure
908 2953 1090 3017 animantes

218 3058 396 3134 extiterint,
418 3066 452 3121 et
477 3080 561 3143 quae
584 3057 674 3122 nullo
694 3057 760 3121 sint
780 3066 925 3141 tempore
944 3063 1061 3132 natae;

218 3182 322 3245 quove
345 3161 441 3225 modo
458 3184 561 3247 genus
580 3162 761 3225 humanum
782 3160 927 3224 variante
952 3157 1093 3243 loquella

219 3261 361 3346 coeperit
380 3261 467 3326 inter
486 3285 520 3327 se
539 3264 623 3327 vesci
643 3285 702 3349 per
723 3263 857 3327 nomina
871 3283 998 3339 rerum;

218 3372 253 3427 et
270 3364 389 3449 quibus
410 3364 465 3429 ille
485 3366 588 3430 modis
610 3366 719 3432 divom
739 3373 847 3430 metus
869 3363 1041 3428 insinuarit

218 3475 358 3550 pectora,
383 3476 541 3531 terrarum
564 3470 620 3554 qui
639 3469 673 3533 in
694 3469 763 3533 orbi
786 3475 899 3532 sancta
915 3473 1027 3530 tuetur

218 3568 295 3633 fana
317 3569 404 3633 lacus
425 3570 511 3634 lucos
531 3593 602 3635 aras
622 3571 857 3656 simulacraque
879 3568 996 3634 divom

218 3679 387 3756 praeterea
406 3673 481 3736 solis
500 3696 610 3738 cursus
628 3675 790 3759 lunaeque
811 3680 937 3738 meatus

127 3837 131 3844 .
217 3773 388 3859 expediam
408 3797 475 3860 qua
493 3777 526 3841 vi
543 3777 654 3843 flectat
671 3787 790 3842 natura
808 3777 1011 3862 gubemans3

216 3876 360 3941 neforto
378 3877 459 3943 haec
478 3878 563 3943 inter
582 3880 708 3945 caelum
729 3888 913 3964 terramque
931 3901 1059 3944 reamur

127 4119 267 4170 Marullus*
278 4136 329 4171 ms.
340 4124 428 4192 notem
446 4122 544 4186 though
556 4124 627 4174 Mon.
639 4124 733 4174 hasne
744 4128 813 4177 truce
825 4126 853 4176 ol
862 4125 892 4177 it.
920 4127 994 4177 Junt.
1006 4126 1155 4178 τοοᾶεειιπι.
1254 4128 1285 4177 51

128 4204 334 4251 ηυηισοάὶυωη.
368 4205 454 4252 divom
470 4219 569 4254 nomm
585 4206 747 4256 Lactantius.
846 4209 878 4258 53
894 4209 1078 4259 Immortalitroe
1094 4208 1163 4258 Flor.
1171 4207 1202 4256 31
1220 4207 1285 4256 Mur.

128 4283 343 4333 Inmortotime
357 4285 446 4335 (lamb.
474 4287 530 4336 Iam
541 4290 716 4338 mortalttmd
727 4288 798 4340 Nicc.
808 4293 856 4340 etc.
888 4291 918 4339 de
929 4288 1022 4339 Lamb.
1034 4289 1073 4338 lor
1083 4305 1103 4339 c.
1204 4287 1234 4338 61
1247 4290 1285 4336 io·

127 4365 234 4414 colomis
253 4364 318 4414 Mar.
335 4365 410 4416 Junt.
427 4368 467 4417 lor
483 4370 621 4418 incolumen
637 4369 668 4428 A,
683 4373 811 4423 circellum
826 4380 863 4422 est
879 4372 911 4431 B,
928 4373 1050 4422 incolente
1066 4369 1155 4420 Camb.
1254 4368 1285 4418 71
