3092 4984
842 286 872 349 V

363 444 609 531 magnanimum
632 442 840 507 Phaethonta
861 440 989 526 repenti
1012 439 1159 505 fulminis
1180 442 1247 505 ictu

363 548 551 616 deturbavit
573 548 666 632 equis
688 547 723 610 in
745 554 875 620 terram,
899 545 1011 628 solque
1032 542 1163 608 cedenti

363 654 478 718 obvius
501 661 668 716 aeternam
690 647 1008 734 succepitlampada
1029 646 1145 711 mundi

363 756 577 839 disiectosque
599 753 725 837 redegit
747 774 847 837 equos
870 750 1044 835 iunxitque
1066 748 1245 824 trementis,

364 859 441 924 iude
463 882 559 922 suum
581 881 639 944 per
661 860 724 922 iter
746 857 903 921 recreavit
925 865 1043 920 cuncte
1064 855 1255 939 gubernans,

364 963 486 1027 seilicet
508 971 546 1026 ut
567 970 693 1026 veteres
715 960 850 1025 Graium
873 958 1016 1023 cecinere
1039 967 1162 1042 poetae.

364 1065 451 1151 quod
473 1063 584 1149 procul
606 1087 626 1127 a
647 1085 725 1126 vere
746 1063 844 1127 nimis
867 1071 916 1126 est
938 1061 1064 1125 ratione
1087 1060 1262 1145 repulsum.

364 1168 448 1253 ignis
471 1168 558 1232 enim
581 1189 731 1252 superare
753 1174 862 1251 potest
884 1166 941 1229 ubi
963 1165 1112 1229 materiai

365 1295 406 1335 ex
429 1271 557 1335 infinito
579 1280 655 1335 sunt
679 1293 811 1355 corpore
833 1270 926 1355 plura
948 1277 1070 1346 coorta,

312 1441 314 1444 ,
364 1375 440 1439 inde
462 1375 584 1439 cedunt
606 1375 688 1438 vires
710 1375 820 1459 aliqua
841 1374 966 1437 ratione
988 1373 1138 1447 revictae,

365 1486 422 1541 aut
444 1487 583 1563 pereunt
605 1499 655 1541 res
678 1487 812 1541 exustae
835 1475 1034 1540 torrentibus
1055 1475 1150 1539 auris.
1365 1487 1434 1549 410

365 1604 458 1646 umor
481 1582 560 1646 item
583 1581 746 1666 quondam
770 1580 877 1665 coepit
899 1601 1049 1664 superare
1073 1589 1209 1654 coortus,

364 1694 403 1749 ut
425 1685 511 1748 fama
532 1692 590 1761 est,
613 1684 783 1747 hominum
806 1683 926 1747 multas
947 1683 1076 1769 quando
1099 1684 1207 1747 obruit
1229 1683 1324 1746 urbis
1349 1667 1359 1682 ⁶

366 1787 442 1850 inde
464 1787 520 1849 ubi
542 1785 590 1848 vis
613 1785 722 1869 alique
744 1784 870 1848 ratione
893 1807 1004 1848 eversa
1025 1784 1164 1860 recessit,

365 1914 406 1955 ex
428 1889 555 1955 infinito
577 1889 683 1953 fueret
705 1910 929 1973 quaecumque
951 1897 1066 1963 coorta,

366 1995 581 2059 constiterunt
604 1992 722 2056 imbres
745 2001 779 2057 et
802 1993 938 2056 flumina
959 1993 1027 2056 vim
1049 1992 1245 2057 minuerunt
1367 2003 1430 2068 415

409 2098 475 2163 Sed
499 2098 617 2182 quibus
639 2097 694 2160 ille
716 2097 821 2161 modis
843 2098 1006 2162 coniectus
1028 2097 1177 2161 materiai

365 2200 511 2265 fundarit
532 2209 651 2264 terrem
675 2208 708 2263 et
730 2200 856 2264 eaelum
878 2200 1035 2286 pontique
1058 2200 1225 2285 profunda,

365 2305 440 2369 solis
463 2304 553 2368 lunai
574 2325 694 2380 cursus
718 2325 758 2366 ex
782 2303 893 2367 ordine
916 2325 1043 2388 ponem.

364 2430 442 2471 nam
464 2414 549 2470 certe
572 2428 677 2490 neque
700 2405 832 2470 consilio
854 2406 1029 2490 primordie
1050 2427 1160 2469 rerum

365 2510 476 2574 ordine
499 2532 532 2573 se
554 2531 611 2572 suo
634 2531 781 2593 quaeque
804 2509 909 2592 sagaci
931 2517 1041 2574 mente
1064 2508 1210 2573 locarunt
1368 2524 1435 2586 420

366 2635 426 2677 nee
448 2636 528 2697 quos
551 2635 699 2697 quaeque
721 2613 838 2677 darent
859 2622 967 2677 motus
989 2612 1140 2697 pepigere
1162 2613 1314 2697 profecto,

367 2714 422 2777 sed
447 2715 524 2798 quia
545 2715 650 2779 multa
672 2714 776 2778 modis
798 2715 910 2779 multis
933 2715 1109 2800 primordie
1130 2736 1238 2779 rerum

368 2839 407 2879 ex
430 2816 557 2879 infinito
581 2816 646 2879 iem
670 2826 815 2902 tempore
837 2818 961 2902 percita
981 2816 1085 2902 plagis

367 2919 626 3004 ponderibusque
648 2922 714 2984 suis
736 2931 932 2986 consuerunt
954 2922 1079 2985 concita
1100 2920 1175 2985 ferri

367 3023 621 3108 omnimodisque
644 3025 727 3089 coire
750 3035 849 3110 atque
872 3026 981 3090 omnia
1002 3033 1227 3110 pertemptare,
1369 3039 1432 3103 425

368 3151 589 3213 ‹luascumque
612 3128 698 3192 inter
720 3151 754 3193 se
777 3137 907 3213 possent
929 3149 1095 3212 congressa
1117 3149 1231 3200 creare,

324 3271 327 3276 »
367 3242 536 3319 propterea
557 3232 596 3296 fit
618 3231 668 3296 uti
691 3253 847 3316 magnum
870 3231 1000 3316 volgata
1021 3254 1079 3316 per
1100 3253 1212 3297 aevom

368 3360 462 3400 omne
485 3359 586 3421 genus
609 3345 719 3400 coetus
742 3344 776 3400 et
798 3344 906 3399 motus
929 3335 1128 3420 experiundo

369 3441 500 3504 tandem
522 3440 716 3505 conveniant
738 3461 778 3503 ea
799 3461 882 3523 quee
905 3447 1059 3503 convecta
1079 3447 1213 3524 repente

367 3564 557 3626 magnarum
579 3564 687 3605 rerum
709 3541 794 3605 fiunt
816 3540 947 3605 exordis
968 3561 1072 3623 saepe,
1369 3556 1437 3618 430

280 3776 329 3810 nor
343 3761 391 3810 hes
405 3764 500 3810 ainhun
516 3776 566 3823 uuy
578 3763 714 3823 existence,
725 3764 841 3815 whether
856 3779 886 3815 as
901 3766 991 3828 partio.
1004 3765 1031 3815 of
1045 3767 1147 3815 ambedo
1159 3780 1188 3815 or
1198 3766 1287 3815 ambio.
1386 3765 1435 3816 399

282 3850 333 3891 uim
346 3842 414 3891 Flor.
422 3843 453 3890 ³1
470 3841 560 3891 Camb.
577 3844 641 3893 Mar.
658 3846 698 3894 for
713 3862 776 3895 cum,
875 3850 923 3899 405
942 3851 1047 3899 &aium
1057 3849 1126 3898 Flor.
1135 3849 1166 3898 31
1179 3848 1268 3898 eamb.
1280 3848 1356 3898 Pont.
1368 3848 1434 3898 Mar.

281 3924 320 3972 ior
332 3930 440 3984 metum.
472 3924 572 3983 pratum
590 3925 706 3989 (pretinm)
725 3927 785 3975 Ver.
797 3928 862 3976 Ven.
960 3929 1008 3980 409
1025 3930 1074 3979 410
1091 3929 1169 3978 Lech.
1186 3929 1220 3992 by
1231 3943 1247 3977 e
1258 3931 1361 3991 strange
1372 3928 1434 3978 mis·

280 4003 469 4068 apprehension
480 4003 577 4052 inverte
588 4004 661 4054 these
672 4021 758 4055 verses
770 4007 821 4056 end
832 4008 871 4057 ior
882 4010 933 4057 Aut
940 4019 1045 4072 pereunt
1056 4011 1131 4060 reads
1140 4013 1176 4060 Et
1183 4018 1295 4074 pereunt.
1386 4011 1434 4059 41⁴2

281 4089 348 4136 urbis
360 4086 435 4134 Pont.
447 4086 520 4135 Junt.
537 4084 576 4132 ior
588 4088 670 4134 uvidis.
698 4087 765 4136 Flor.
776 4089 807 4136 31
817 4089 914 4139 ,Camb
926 4091 985 4141 Ver.
997 4092 1062 4142 Ven.
1075 4093 1141 4142 Mar.
1152 4095 1200 4143 eto.
1212 4093 1277 4156 keep
1287 4094 1372 4152 undis,
1383 4092 1433 4142 and

281 4170 320 4218 ier
332 4168 457 4216 'seminum
467 4167 559 4214 mutue
570 4165 632 4215 reed
643 4168 767 4216 leontinum
779 4171 875 4217 multoe.

313 4249 361 4297 428
380 4248 540 4307 Omneyenus
551 4242 631 4294 Lech.
644 4245 851 4309 roroinnipenm.
881 4249 1131 4311 OmnipeumAeorr.
1144 4252 1213 4316 vulg.
1311 4253 1359 4305 429
1377 4268 1431 4303 cou-
1524 4307 1525 4316 ¹

281 4340 351 4383 rectov
363 4329 442 4379 Lech.
454 4330 494 4380 for
504 4338 630 4380 contenta.
665 4330 693 4378 Τ.
703 4346 795 4396 opime
809 4333 851 4381 ubi
862 4347 993 4383 convenere
1005 4334 1095 4385 Lsmb.
1108 4335 1147 4386 ed.
1162 4337 1184 4386 1.
1220 4339 1250 4387 T.
1259 4354 1288 4387 eu
1300 4353 1322 4387 c.
1332 4352 1394 4400 quae
1405 4345 1431 4386 ut
