3092 4984
671 300 719 364 VI

196 456 258 521 hcs
281 456 382 542 igitur
405 456 503 521 tellus
527 455 631 521 omnis
653 464 823 521 exaestuat
844 467 952 522 aestus

195 562 389 648 expiratque
414 562 499 626 foras
522 563 557 625 in
580 571 730 648 apertum
753 571 967 649 promptaque
990 562 1081 628 caeli.

242 665 298 730 Sic
321 674 355 730 et
377 665 510 730 Averna
532 666 603 729 loca
625 665 759 731 alitibus
782 666 987 732 summittere
1011 666 1132 733 debent

198 768 401 834 mortiferam
422 769 500 848 vim,
524 767 565 833 de
588 777 676 833 terra
698 791 782 854 quae
805 771 909 855 surgit
932 770 966 835 in
990 792 1093 848 aurae,

200 879 239 936 nt
262 871 405 957 spatium
429 871 511 936 caeli
534 872 674 957 quadam
699 872 741 938 de
764 883 856 958 parte
879 884 1039 955 venenet3
1207 879 1272 942 820

199 996 265 1059 quc
289 973 386 1038 simul
410 996 448 1038 ac
472 974 614 1059 primum
636 975 753 1060 pennis
777 975 885 1042 delata
907 977 950 1044 sit
974 978 1049 1055 ales,

199 1076 399 1163 impediatur
421 1078 468 1141 ibi
492 1100 585 1142 caeco
608 1087 755 1163 correpta
776 1101 910 1159 veneno,

200 1187 239 1246 ut
263 1180 359 1245 cadat
382 1203 399 1245 e
424 1182 555 1266 regione
578 1181 649 1258 loci,
677 1204 743 1267 qua
765 1182 884 1268 derigit
906 1191 1021 1250 aestus.

199 1305 267 1369 quc
290 1306 365 1349 cum
388 1285 524 1364 conruit,
548 1285 601 1350 hic
625 1285 739 1350 eadem
762 1286 812 1349 vis
834 1286 922 1351 iliius
945 1298 1053 1353 aestus

200 1389 355 1476 reliquias
378 1391 465 1455 vitae
489 1390 643 1456 membris
667 1415 708 1456 ex
730 1391 881 1457 omnibus
905 1392 1021 1459 aufert.
1206 1397 1266 1477 825

200 1491 324 1578 qnippe
347 1494 471 1558 etenim
494 1494 599 1580 primo
623 1493 716 1578 quasi
739 1493 903 1579 quendam
926 1495 1051 1561 conciet
1072 1504 1216 1577 aestum3

200 1596 361 1681 posterius
385 1596 424 1662 fit
446 1597 507 1675 uti,
531 1619 608 1662 cum
631 1597 697 1661 iam
721 1596 863 1662 cecidere
883 1598 1001 1663 veneni

201 1699 238 1764 in
261 1699 358 1765 fontis
382 1700 477 1786 ipsos,
502 1699 549 1764 ibi
572 1700 616 1766 sit
638 1722 767 1786 quoque
791 1699 860 1764 vita
883 1698 1042 1764 sumenda

201 1811 374 1889 propterea
396 1803 483 1888 quod
505 1825 626 1889 magna
648 1803 726 1867 maii
747 1801 787 1867 fit
809 1801 902 1887 copia
923 1802 1053 1867 circum.

245 1905 300 1969 Fit
310 1927 439 1992 quoque
451 1914 489 1971 ut
497 1905 812 1971 interdumvisheec
823 1914 922 1990 atque
933 1913 1040 1970 aestus
1051 1906 1172 1971 Averni
1206 1909 1271 1988 830

200 2028 285 2084 aera,
308 2008 365 2093 qui
388 2008 475 2072 inter
499 2006 568 2072 aris
592 2016 763 2093 cumquest
787 2015 972 2092 terramque
993 2008 1125 2087 locatus,

201 2110 365 2187 discutiat,
388 2132 488 2197 prope
512 2110 562 2175 uti
585 2110 673 2175 locus
697 2110 750 2175 hic
774 2109 942 2196 linquatur
963 2111 1076 2179 inanis.

201 2212 294 2278 cuius
317 2212 375 2277 ubi
397 2235 416 2279 e
437 2213 566 2298 regione
589 2213 650 2278 loci
671 2235 790 2279 venere
812 2214 966 2291 volantes,

202 2316 363 2382 claudicat
384 2318 547 2403 extemplo
568 2317 741 2403 pinnarum
761 2316 851 2381 nisus
873 2315 978 2382 inanis

202 2428 237 2485 et
258 2442 415 2485 conamen
436 2420 601 2506 utrimque
627 2421 751 2484 alarum
772 2420 922 2506 proditur
943 2443 1046 2488 omne.
1207 2426 1246 2506 83
1251 2438 1267 2506 5

202 2522 256 2587 hic
277 2522 335 2587 ubi
355 2522 461 2587 nixari
482 2531 652 2610 nequeunt
670 2523 884 2609 insistereque
907 2523 976 2603 alis,

202 2625 325 2691 adlicet
346 2625 382 2690 in
402 2633 523 2690 terram
544 2626 652 2692 delabi
673 2626 815 2711 pondere
836 2625 923 2713 cogit

200 2733 327 2807 natura,
350 2735 385 2794 et
405 2750 544 2793 vacuum
565 2751 664 2815 prope
686 2729 753 2793 iam
775 2729 951 2814 perinane
974 2728 1115 2795 iacentes

202 2829 393 2918 dispergunt
414 2832 538 2898 animas
559 2855 618 2919 per
639 2834 747 2899 caulas
769 2834 910 2920 corporis
931 2833 1041 2900 omnis.

688 2964 710 3004 e

201 3034 347 3123 frigidior
367 3058 461 3123 porro
483 3037 518 3102 in
539 3036 646 3124 puteis
667 3046 792 3105 aestate
815 3037 854 3103 fit
875 3060 977 3115 umor,
1207 3041 1271 3120 840

201 3138 334 3204 rarescit
353 3139 432 3225 quia
449 3148 538 3206 terra
558 3140 663 3207 calore
683 3149 718 3208 et
740 3140 867 3209 semina
887 3142 998 3230 siquae

110 3375 180 3427 Mar.
197 3373 238 3425 lor
256 3375 355 3425 audire.
464 3375 512 3426 815
528 3377 634 3427 meets
652 3376 733 3429 Lech.
752 3378 794 3430 {cr
810 3384 935 3429 mearat.
1043 3379 1092 3430 817
1109 3387 1222 3444 apertam
1237 3381 1269 3430 Β.

110 3464 205 3522 aperta
220 3455 244 3506 Δ
260 3456 331 3506 Nice.
347 3455 416 3520 vulg.
426 3454 514 3508 before
529 3457 611 3509 Lech.
649 3468 786 3525 apertaque
804 3460 873 3510 Flor.
881 3461 922 3510 ³1.
1019 3461 1068 3512 cle
1084 3468 1116 3512 et.
1149 3477 1180 3512 ec
1190 3461 1269 3512 Lech.

109 3554 175 3592 ever
184 3537 365 3588 intoleranter
380 3544 405 3588 ct
420 3538 461 3588 tor
474 3542 560 3589 ctiam
601 3542 708 3590 attrita
724 3540 834 3590 Floret
849 3538 940 3591 (lamb.
952 3539 1017 3591 Mar.
1028 3540 1069 3592 tor
1078 3543 1204 3592 mutar.

146 3624 196 3674 829
206 3624 251 3686 fit.
290 3624 325 3671 rit
341 3621 416 3672 lunt.
433 3622 525 3673 lamb.
536 3622 620 3685 vulg.:
636 3637 653 3673 a
667 3622 797 3673 scleciem.
894 3624 943 3672 832
960 3623 1001 3674 lale
1016 3623 1269 3686 Mon.p.m.11ach.

110 3704 156 3754 tor
171 3704 239 3754 linc.
282 3705 414 3767 linquatur
430 3703 499 3753 Flcr.
507 3703 539 3753 31
556 3703 645 3753 (lamb.
665 3703 724 3754 Ver.
742 3703 808 3754 Ven.
827 3702 893 3753 Mar.
911 3702 951 3753 ior
970 3706 1102 3768 linquitur.
1207 3706 1270 3756 840:

109 3786 209 3851 clearly
219 3786 368 3849 something
382 3785 407 3836 is
422 3785 536 3848 manc
551 3787 579 3836 tc
594 3788 703 3836 connect
718 3784 774 3835 this
788 3799 861 3835 verae
871 3784 934 3834 with
945 3784 1014 3835 what
1029 3784 1157 3849 precedes.
1190 3786 1269 3838 lach.

109 3868 163 3920 hee
179 3867 276 3931 proved
290 3867 349 3917 that
366 3881 383 3918 e
397 3881 455 3917 new
464 3867 525 3926 leat,
537 3867 582 3918 the
594 3865 687 3924 manu
699 3868 726 3916 ot
737 3865 783 3916 the
793 3865 930 3929 archetype
941 3866 1022 3928 began
1033 3866 1107 3917 here:
1125 3866 1154 3916 in
1167 3867 1203 3917 all
1213 3882 1270 3931 pro·

109 3948 224 4012 bebility
233 3949 299 3999 then
312 3963 362 3999 one
377 3948 430 3998 leat
442 3947 496 3999 had
510 3947 625 4012 dropped
639 3949 685 3998 cut
700 3948 729 3998 in
743 3947 798 3997 thie
815 3947 896 4013 place.
928 3948 1008 3999 Lech.
1019 3947 1116 4000 inserte
1132 3950 1191 4001 tour
1205 3951 1270 4014 trag-

109 4032 209 4088 mente,
226 4031 285 4080 Noa
299 4032 363 4080 meat
382 4032 405 4080 et
426 4032 529 4092 linquae
545 4038 643 4080 reatum
659 4032 711 4080 clm
729 4045 825 4094 oraque
841 4038 939 4081 centum
955 4034 1034 4081 Aerca
1049 4049 1106 4084 coa.
1145 4035 1270 4084 Μινυῶν·

104 4113 204 4177 fetore.
233 4111 521 4174 casamassancia.
549 4110 588 4160 Nc
597 4111 706 4160 clllmet.
734 4109 791 4160 The
801 4109 859 4160 first
868 4111 993 4174 certainly
1000 4126 1109 4176 appears
1117 4113 1270 4165 Lucretiae:

110 4191 199 4243 where
209 4191 231 4241 it
242 4205 316 4242 came
324 4191 354 4241 tn
365 4190 411 4242 the
421 4206 507 4255 poem,
519 4194 614 4242 cannot
624 4191 657 4243 be
667 4191 737 4252 said;
755 4192 800 4242 the
811 4195 865 4244 rest
876 4209 919 4246 are
929 4209 991 4258 very
1001 4195 1130 4247 doubtful.
1222 4197 1271 4245 840

113 4277 168 4339 Qec
184 4275 208 4326 ie
226 4274 341 4338 prefixed
357 4277 385 4324 to
404 4277 536 4338 Frigidior
552 4275 581 4325 in
592 4274 622 4336 Δ,
633 4290 681 4326 acc
693 4275 749 4340 (ie.
765 4276 837 4341 quac)
850 4275 880 4327 in
893 4277 925 4335 B,
939 4277 992 4328 Gar
1006 4277 1041 4341 by
1051 4277 1123 4328 Nico.
1222 4277 1270 4325 ecl

111 4359 228 4409 Roeeectt
238 4356 331 4408 Lamb.
343 4356 384 4407 lor
393 4359 499 4408 Arcucis.
538 4358 633 4409 remim
644 4358 713 4409 Flcr.
720 4359 752 4409 sl
764 4358 853 4410 camb.
865 4359 906 4410 tor
915 4360 985 4410 remi.
1025 4361 1125 4423 siquae
1136 4357 1231 4408 Arene.
1243 4360 1271 4408 at

1079 4458 1183 4520 let-a
