3092 4984
700 240 749 307 IV
1218 298 1221 302 ,
1242 261 1297 328 191

230 415 329 481 quare
352 395 454 461 etiam
475 393 563 481 quod
584 395 651 460 olet
672 417 738 459 non
760 403 830 459 tam
852 392 946 459 facile
969 416 1038 459 esse
1059 394 1184 461 videbis

231 497 425 583 investigare
447 497 483 561 in
504 520 570 583 qua
591 497 634 562 sit
656 497 788 582 regione
809 497 969 577 locatum3

230 598 409 684 refrigescit
430 599 519 663 enim
542 598 723 663 crmctando
746 599 844 684 plaga
866 620 925 684 per
945 621 1041 663 auras

230 725 290 767 nec
312 703 417 768 calide
437 703 479 768 ad
501 726 632 768 sensum
655 703 832 768 decurrunt
854 704 972 769 nuntia
992 727 1109 771 rerum.

231 815 340 871 errant
363 828 458 892 saepe
481 829 576 871 canes
598 808 711 892 itaque
734 816 768 871 et
791 807 929 892 vestigia
950 818 1119 892 quaerunt
1237 826 1297 893 705

277 909 361 995 [Nec
384 919 496 976 tamen
520 911 581 976 hoc
604 911 680 975 solis
705 911 740 974 in
765 910 917 975 odoribus
940 919 1040 995 atque
1063 934 1214 998 saporum

230 1014 266 1077 in
288 1025 445 1100 generest,
468 1015 525 1080 sed
549 1016 630 1079 item
654 1016 777 1101 species
800 1029 908 1079 rerum
932 1023 1032 1099 atque
1056 1015 1176 1082 colores

230 1139 295 1181 non
319 1118 368 1183 ita
390 1119 589 1183 conveniunt
614 1117 655 1182 ad
679 1140 793 1183 sensus
817 1118 967 1182 omnibus
992 1141 1111 1198 omnes,

229 1229 355 1284 utnon
378 1221 446 1284 sint
469 1220 541 1284 aliis
565 1219 727 1306 quaedam
751 1220 855 1305 magis
879 1221 966 1284 acria
987 1222 1067 1287 visu.
1117 1225 1121 1232 ’

231 1322 311 1407 quin
334 1323 434 1387 etiam
455 1322 588 1407 gallum,
612 1331 741 1386 noctem
764 1322 1039 1407 explaudentibus
1062 1324 1122 1389 alis
1236 1340 1301 1408 710

230 1447 379 1489 auroram
403 1424 489 1489 clara
512 1434 704 1490 consuetum
727 1447 805 1490 voce
828 1448 951 1504 vocare,

229 1550 338 1593 noenu
362 1537 489 1613 queunt
512 1528 618 1593 rabidi
641 1538 754 1594 contra
776 1541 922 1596 constare
945 1532 1054 1597 leones

231 1634 330 1718 inque
352 1633 454 1698 tueri:
477 1633 525 1697 ita
546 1633 700 1698 continuo
724 1636 902 1701 meminere
926 1636 1023 1721 fugai,

230 1737 385 1803 nimirum
409 1738 488 1823 quia
510 1746 587 1802 sunt
610 1739 770 1824 gallorum
794 1740 828 1805 in
855 1763 985 1826 corpore
1009 1742 1170 1826 quaedam

231 1842 362 1919 semina,
386 1862 566 1925 quaecum
592 1854 669 1906 sunt
695 1842 795 1907 oculis
819 1842 953 1907 inmissa
975 1844 1114 1922 leonum,
1236 1860 1296 1927 715

231 1944 370 2031 pupillas
394 1943 609 2008 interfodiunt
632 1966 804 2031 acremque
828 1946 970 2010 dolorem

230 2048 396 2134 praebent,
419 2055 458 2112 ut
481 2055 647 2132 nequeant
668 2057 782 2113 contra
803 2048 919 2113 durare
943 2048 1083 2130 feroces3

232 2173 307 2216 cum
330 2159 441 2216 tamen
464 2149 545 2215 haec
568 2159 693 2215 nostres
717 2151 802 2216 acies
826 2151 874 2215 nil
897 2151 1026 2215 laedere
1049 2151 1183 2237 possint,

111 2319 117 2333 ,
231 2264 290 2320 aut
313 2255 391 2341 quia
414 2277 479 2320 non
502 2263 676 2340 penetrant
700 2263 759 2319 aut
782 2254 870 2340 quod
893 2255 1140 2341 penetrantibus
1163 2255 1228 2319 illis

232 2360 338 2425 exitus
361 2381 403 2424 ex
427 2358 527 2424 oculis
551 2359 633 2424 liber
657 2358 760 2437 datur,
785 2359 820 2423 in
844 2358 1033 2423 remorando
1236 2375 1301 2442 720

231 2462 359 2527 laedere
380 2484 423 2527 ne
447 2462 572 2548 possint
596 2484 637 2527 ex
660 2461 728 2526 ulla
751 2462 878 2525 lumina
902 2462 1020 2548 parte]

274 2566 371 2631 Nunc
394 2588 454 2652 age
478 2588 562 2651 quae
582 2573 735 2630 moveant
758 2565 906 2631 animum
928 2588 980 2631 res
1003 2565 1119 2653 accipe,
1144 2575 1178 2632 et
1198 2566 1286 2631 unde

230 2691 313 2754 quae
336 2669 474 2735 veniunt
496 2669 631 2734 veniant
654 2669 689 2732 in
713 2676 860 2732 mentem
883 2667 1012 2754 percipe
1035 2668 1154 2754 paucis

230 2769 389 2856 principio
412 2769 474 2834 hoc
496 2769 577 2847 dico,
602 2792 711 2835 rerum
735 2770 908 2834 simulacra
930 2769 1040 2854 vagari

231 2875 337 2939 multa
360 2874 464 2940 modis
488 2876 602 2941 multis
625 2876 661 2939 in
685 2884 818 2939 cunctas
845 2874 991 2960 undique
1014 2874 1117 2959 partis
1235 2888 1296 2957 725

230 2978 350 3055 tenvia,
375 3000 458 3063 quae
481 2979 574 3043 facile
598 2978 685 3043 inter
708 3000 742 3042 se
765 2978 947 3063 iunguntur
974 2977 1010 3040 in
1033 2976 1127 3053 auris,

231 3081 423 3146 ebriacum
447 3081 592 3159 veniunt,
616 3090 655 3147 ut
679 3104 799 3147 aranea
822 3083 1016 3166 bratteaque
1039 3080 1118 3144 anri

231 3185 351 3269 quippe
375 3184 498 3248 etenim
520 3185 624 3249 multo
646 3184 750 3270 magis
772 3183 852 3249 haec
874 3191 952 3248 sunt
973 3182 1087 3247 tenvia
1108 3189 1203 3246 textu

231 3310 329 3373 quam
352 3309 436 3373 quae
457 3287 641 3372 percipiunt
662 3288 769 3352 oculos
792 3287 962 3372 visumque
984 3286 1153 3361 lacessunt,

231 3391 369 3476 corporis
391 3389 472 3455 haec
493 3391 648 3475 quoniam
669 3397 844 3477 penetrant
867 3411 926 3474 per
947 3411 1020 3453 rara
1042 3389 1192 3474 cientque
1236 3406 1302 3474 730

229 3501 362 3558 tenvem
382 3494 485 3558 animi
506 3502 659 3558 naturam
683 3494 773 3559 intus
796 3514 992 3577 sensumque
1014 3492 1183 3560 lacessunt

230 3595 410 3661 Centauros
431 3596 542 3681 itaque
565 3604 599 3660 et
621 3595 805 3680 Scyllarum
827 3594 974 3659 membra
995 3594 1145 3660 ridemus

230 3698 468 3784 Cerbereasque
490 3721 607 3763 canum
629 3698 727 3763 facies
749 3697 984 3783 simulacraque
1006 3719 1118 3763 eorum

230 3808 368 3889 quorum
390 3811 495 3869 morte
518 3803 608 3868 obita
629 3802 727 3867 tellus
748 3801 958 3887 amplectitur
981 3824 1069 3881 ossa3

230 3929 326 3974 omne
347 3929 451 3995 genus
473 3907 628 3993 quoniam
647 3906 767 3991 passim
789 3904 960 3970 simulacra
981 3905 1138 3983 seruntur,
1236 3922 1296 3989 735

141 4131 218 4182 June.
234 4130 275 4182 lor
290 4138 410 4182 amsa.
509 4132 557 4185 699
574 4147 650 4196 quam
667 4147 726 4182 coa.
758 4132 815 4182 noct
830 4130 922 4184 Lamb.
940 4132 988 4182 ete.
1000 4129 1153 4194 peneresly.
1252 4132 1300 4183 712

139 4211 312 4263 rabidiwnk,
324 4213 470 4277 intrepidi.
569 4214 616 4264 727
635 4214 732 4263 ὸταεειιι
742 4212 796 4270 ΔΒ,
808 4214 855 4262 not
866 4213 977 4263 barm:
996 4225 1098 4262 sornss.
1111 4211 1139 4259 ot
1153 4209 1223 4272 mg.
1235 4211 1300 4259 Aen.

139 4308 169 4347 ri
180 4294 240 4345 209·
339 4295 388 4346 730
400 4310 449 4358 per
464 4309 526 4344 rara
543 4293 608 4344 Mer.
625 4293 704 4345 elur
722 4295 797 4344 lunt.
814 4296 854 4344 lor
866 4295 978 4358 percrc.'
1068 4293 1115 4342 735
1133 4292 1210 4340 Omne
1224 4304 1302 4352 ecam
