3092 4984
678 315 709 379 V
1205 341 1271 408 2³9

201 474 280 541 orba
301 471 422 559 pedum
443 471 572 559 partim,
594 492 752 536 manuum
772 470 908 537 viduata
927 472 1077 554 ricimim,
1205 482 1271 560 840

201 587 295 644 muta
316 578 385 643 eine
407 599 461 643 ore
483 576 592 655 etiam,
614 576 684 641 sine
706 576 797 641 voltu
818 598 915 642 oeeea
934 589 1071 665 reperta,

200 682 373 767 vinetaque
395 681 613 746 membrorum
641 701 702 765 per
724 687 830 745 totum
855 701 970 767 eorpus
992 683 1145 764 edheesu,

201 808 262 851 neo
283 785 386 850 faeere
406 793 446 850 ut
466 791 596 870 poment
618 784 791 869 quiequam
812 805 872 849 neo
893 785 1006 852 oedere
1028 809 1192 875 quoquam

202 912 263 954 neo
283 889 387 954 vitare
407 888 531 953 melum
553 908 614 953 neo
635 909 762 952 sumere
784 888 870 974 quod
891 888 975 954 foret
995 912 1081 957 usus

168 989 171 994 ⁴
203 1001 310 1057 eetera
331 991 372 1056 de
392 1012 510 1076 genere
532 990 593 1055 hoo
613 999 758 1056 monstra
779 1013 817 1056 ao
837 1001 990 1078 portenta
1009 997 1149 1074 creabat,
1205 999 1265 1079 845

202 1095 408 1180 nequiquam,
430 1094 584 1180 quoniam
605 1103 723 1158 natura
743 1094 918 1160 absterruit
938 1105 1071 1163 auctum

201 1219 262 1262 neo
282 1205 417 1283 potuere
437 1197 585 1284 cupitum
606 1196 723 1263 aetatis
743 1206 878 1282 tangere
898 1197 1011 1264 florem

202 1324 263 1369 neo
287 1302 427 1388 reperire
450 1302 559 1368 eibum
582 1324 642 1368 neo
664 1302 757 1388 iungi
779 1324 839 1389 per
855 1303 992 1369 Veneris
1014 1327 1073 1372 rea

202 1405 308 1470 multa
328 1404 475 1470 videmus
497 1406 585 1472 enim
606 1405 703 1471 rebus
724 1428 914 1473 concanora
935 1407 1062 1486 debere,

204 1517 243 1575 ut
265 1509 472 1596 propagando
493 1509 618 1596 possint
639 1510 814 1595 procudere
835 1511 957 1592 saecla3
1207 1519 1272 1598 850

202 1615 322 1702 pabula
342 1615 484 1701 primum
506 1622 545 1679 ut
567 1614 643 1691 sint,
661 1613 820 1699 genitalia
838 1613 956 1680 deinde
974 1637 1034 1701 per
1050 1625 1140 1682 artus

203 1719 328 1785 semina
350 1740 415 1804 qua
436 1718 561 1804 possint
584 1717 738 1783 membris
760 1739 892 1783 manare
917 1719 1076 1801 remissis;

202 1822 386 1909 feminaque
409 1831 448 1887 ut
470 1821 613 1886 maribus
630 1820 783 1906 ooniungi
804 1820 915 1906 possit,
941 1822 1060 1889 habere

201 1929 318 1987 mutua
342 1920 399 2006 qui
424 1928 553 1985 mutent
573 1919 659 1985 inter
681 1942 715 1984 se
737 1920 858 2006 gaudia
879 1929 1025 2006 uterque.

245 2023 414 2109 Multaque
428 2032 500 2089 tum
515 2023 674 2089 interiisse
688 2023 891 2088 animantum
906 2024 1011 2089 seeola
1025 2036 1185 2092 neoeseest
1207 2031 1267 2111 855

201 2149 261 2193 nee
284 2126 425 2213 potuisse
444 2126 650 2213 propagando
672 2124 847 2211 procudere
869 2126 1001 2212 prolem

202 2253 280 2296 nam
301 2252 522 2316 quaecumque
543 2230 634 2295 vides
655 2231 740 2295 vesei
762 2230 915 2296 vitalibus
936 2230 1032 2308 auris,

202 2342 262 2399 aut
283 2333 375 2399 dolus
396 2341 454 2398 aut
475 2334 578 2398 virtus
598 2341 657 2398 aut
678 2333 818 2420 denique
839 2335 1004 2402 mobilitas
1025 2344 1076 2403 est

205 2459 246 2503 ex
266 2438 402 2503 ineunte
424 2458 504 2502 aevo
526 2460 630 2523 genus
652 2437 687 2503 id
709 2446 819 2505 tutata
839 2461 1012 2508 reservans

204 2540 373 2627 multaque
396 2548 481 2617 sunt,
505 2541 598 2607 nobis
620 2564 662 2607 ex
687 2541 832 2608 utilitate
855 2565 916 2609 sua
937 2566 1022 2630 quae
1207 2548 1273 2612 860

204 2643 428 2709 oommendeta
452 2651 594 2722 manent
618 2644 743 2710 tutelae
765 2645 888 2711 tradita
909 2655 1045 2714 nostrae.

202 2745 360 2832 principio
382 2767 484 2831 geum
507 2768 580 2812 aere
602 2747 734 2813 leonum
758 2770 918 2835 saevaque
941 2751 1047 2816 saecla

202 2855 340 2913 tutatast
363 2848 475 2926 virtus,
498 2848 609 2935 volpes
633 2849 726 2916 dolus
749 2858 784 2916 et
806 2850 884 2937 luga
907 2873 1026 2920 cervos.

175 3017 177 3022 ,
203 2960 239 3017 at
261 2951 438 3018 levisomna
459 2974 577 3019 eanum
600 2953 665 3018 fido
694 2976 769 3019 oum
791 2963 921 3041 pectore
945 2956 1043 3022 eorda

203 3063 238 3120 et
258 3077 361 3140 genus
382 3078 477 3122 omne
503 3056 589 3144 quod
619 3067 669 3123 est
691 3058 838 3125 veterino
863 3059 986 3127 semine
1009 3071 1141 3148 mum
1208 3063 1269 3143 865

203 3158 428 3245 lanigeraeque
452 3159 549 3225 simul
570 3161 710 3247 pecudes
734 3171 768 3228 et
792 3164 912 3229 buoera
937 3164 1042 3229 saecla

204 3261 314 3326 omnia
334 3271 411 3327 sunt
432 3262 601 3328 hominum
622 3264 746 3331 tutelae
766 3265 896 3344 tradita
919 3265 1062 3333 Memmi.

203 3386 281 3430 nam
306 3364 421 3452 cupide
443 3365 554 3452 fugere
576 3366 659 3434 feres
680 3391 858 3455 pacemque
879 3378 991 3435 seouta

203 3476 282 3534 sunt
304 3478 339 3535 et
360 3469 450 3556 larga
474 3492 532 3535 suo
557 3470 627 3536 sine
649 3472 770 3558 pabule
798 3479 893 3557 parta
914 3471 1031 3548 labore,

205 3593 288 3659 quae
311 3572 425 3639 damus
446 3574 600 3640 utilitatis
623 3596 735 3640 eorum
756 3574 902 3660 praemia
923 3596 1026 3642 eausa
1210 3579 1276 3660 870

113 3813 405 3875 mammoneamque
416 3819 535 3862 renotem
544 3810 623 3861 Man:
639 3812 757 3873 utrinqu
767 3808 831 3861 lsln
842 3809 915 3862 Brlx.
1011 3811 1060 3862 841
1077 3812 1153 3862 Mate
1163 3812 1275 3876 Naupor.

49 3929 51 3932 ψ
114 3895 262 3945 tornella.
359 3895 408 3945 844
417 3893 781 3958 mummolenum
791 3907 896 3952 immae
907 3893 999 3943 π881.
1098 3896 1274 3945 filtrensem.

114 3978 220 4027 neuim
230 3974 309 4026 lash-
406 3979 455 4027 858
471 3979 589 4038 ωηίωιφί
601 3978 690 4040 pouit,
703 3977 800 4025 tatae.
834 3977 952 4038 oonianpl
965 3977 1047 4039 pontt
1062 3975 1242 4027 asneheun:
1259 3991 1276 4027 a

113 4058 187 4107 most
195 4055 322 4106 awkward
332 4055 439 4119 phrase:
450 4057 496 4108 the
507 4057 572 4108 wien
583 4058 610 4106 ol
620 4056 666 4105 the
676 4055 770 4106 lemale
781 4055 805 4105 is
815 4057 862 4106 not
872 4056 1024 4119 importent.
1122 4057 1171 4107 854
1183 4056 1276 4107 Mutuo

115 4140 161 4201 qut
176 4145 270 4186 naum
283 4137 362 4187 Bern
373 4137 414 4187 lor
429 4139 522 4188 llatae
538 4140 583 4202 qut
597 4144 714 4188 maone.
746 4138 841 4186 Mona
853 4139 910 4200 qais
921 4125 1017 4187 moteal
1028 4136 1094 4187 Mar.
1105 4135 1183 4186 Aldu
1201 4136 1275 4186 lunt.

114 4225 218 4269 nectent
230 4218 340 4280 Nauger.
351 4217 444 4268 Inmb.
478 4219 618 4281 linteoque
634 4219 761 4267 imioamt
776 4216 857 4267 Laoh.
955 4218 1003 4268 858
1021 4224 1106 4266 tutata
1116 4215 1188 4265 Brix.
1199 4216 1276 4265 Pout.

116 4299 278 4349 Mamm
294 4300 369 4350 lunt.
381 4300 422 4349 lor
437 4307 500 4349 tatu.
598 4299 647 4349 888
663 4306 689 4348 et
700 4299 769 4362 fuae
784 4297 807 4347 B
824 4299 920 4348 Arane.
952 4305 982 4348 at
992 4299 1060 4361 sapa
1076 4297 1100 4346 A
1115 4296 1187 4345 Nion.
1204 4295 1277 4345 Mon.

115 4383 193 4433 Junt
291 4383 340 4433 885
356 4384 466 4433 ewino
481 4380 584 4432 Nonius
600 4382 675 4432 Pont.
689 4379 754 4430 Mar.
771 4381 867 4431 Arana
883 4380 958 4430 Jnnt.
990 4380 1068 4428 veteri
1083 4393 1133 4427 noa
1148 4391 1212 4427 mas.
