3092 4984
709 320 760 387 IV
1213 335 1314 402 -199

242 495 337 560 saepe
358 482 471 541 umen
492 476 745 542 summittuntur
765 476 910 563 virisque
931 477 1105 543 resolvunt

243 577 360 644 deinde
382 579 493 645 cibum
513 580 662 665 sequitur
681 601 822 660 somnus,
845 580 930 665 quis,
954 602 1039 666 qnae
1060 579 1138 646 facit
1159 598 1223 657 aer,

241 682 322 748 haec
344 684 457 750 eadem
479 686 578 762 cibus,
600 686 636 750 in
657 707 756 750 venas
779 685 858 750 dum
879 684 1003 750 diditur
1024 685 1137 762 omnis,
1246 696 1308 767 955

244 785 349 852 efficit.
372 796 407 852 et
428 789 532 853 multo
555 810 649 873 sopor
669 788 725 852 ille
747 787 956 873 gravissimus
979 795 1086 853 exsut

243 908 342 971 quem
364 897 455 953 satur
476 897 534 954 aut
556 890 658 954 lassus
680 891 796 975 capias,
819 892 898 976 quia
918 891 1061 977 plurima
1080 899 1154 957 tum
1176 911 1210 956 ss

243 1013 375 1083 corpora
396 994 592 1058 conturbant
613 1015 731 1079 magno
753 1002 891 1060 contusa
911 994 1029 1060 labore.

244 1094 282 1160 fit
303 1096 429 1161 ratione
452 1097 565 1162 eadem
588 1098 752 1162 coniectus
773 1098 895 1183 partim
917 1097 1038 1162 animai

244 1200 340 1264 altior
361 1211 460 1287 atque
482 1202 567 1268 foras
588 1203 710 1267 eiectus
731 1203 851 1288 largior
872 1202 951 1280 eius,
1246 1202 1313 1284 960

244 1312 278 1367 et
300 1303 430 1369 divisior
451 1307 538 1371 inter
559 1328 593 1370 se
615 1327 653 1370 ac
673 1306 857 1371 distractior
877 1306 912 1370 in
933 1314 1010 1371 test.

285 1405 329 1468 Et
351 1429 416 1492 quo
437 1409 575 1494 quisquc
597 1408 662 1473 fere
685 1407 792 1472 studio
814 1407 983 1473 devinctus
1005 1407 1160 1472 adhaeret

246 1517 305 1572 aut
327 1508 445 1593 quibus
467 1510 501 1574 in
523 1511 619 1575 rebus
641 1510 785 1575 multum
808 1531 920 1575 sumus
942 1518 1019 1575 ante
1040 1510 1157 1575 morati

244 1619 343 1696 atque
365 1613 400 1676 in
422 1636 462 1678 ea
482 1614 607 1679 ratione
629 1614 693 1678 fuit
714 1622 869 1679 contenta
889 1614 993 1699 magis
1015 1636 1116 1692 mens,

244 1714 279 1779 in
300 1717 420 1782 somnis
443 1717 556 1783 eadem
578 1718 769 1803 plerumque
792 1716 941 1782 videmur
962 1716 1070 1798 obire;
1245 1714 1307 1797 965

246 1821 397 1886 causidici
419 1845 530 1887 causas
552 1845 647 1908 agere
669 1831 703 1887 et
725 1843 916 1908 componere
938 1821 1034 1906 leges,

246 1922 490 2009 induperatores
511 1947 659 2010 pugnare
680 1947 718 1989 ac
739 1925 862 2010 proelia
884 1924 981 2002 obire,

246 2036 364 2092 nautae
386 2037 587 2093 contractum
610 2051 685 2093 cum
707 2029 813 2094 ventis
836 2028 953 2113 degero
974 2027 1106 2102 bellum,

246 2152 304 2194 nos
327 2153 421 2217 agere
441 2131 502 2197 hoc
525 2142 639 2198 autem
659 2141 693 2198 et
710 2140 863 2197 naturam
885 2152 1040 2218 quaerere
1061 2151 1170 2195 rerum

246 2256 373 2320 semper
392 2245 426 2301 et
443 2235 611 2301 inventam
632 2237 745 2323 patriis
766 2257 926 2322 exponere
946 2235 1074 2301 chartis.
1247 2250 1314 2318 970

247 2347 355 2404 cetera
371 2340 416 2405 sic
434 2340 542 2406 studia
561 2350 661 2426 atque
683 2350 769 2407 artes
789 2343 981 2427 plerumque
999 2339 1152 2403 videntur

244 2440 416 2508 insomnis
435 2445 560 2508 animos
582 2443 752 2509 hominum
773 2445 929 2509 frustrata
948 2451 1069 2508 tenere.

246 2552 280 2609 et
299 2546 495 2633 quicumque
517 2548 586 2613 dies
609 2550 729 2615 multos
748 2571 789 2615 ex
805 2549 917 2614 ordine
938 2548 1024 2613 ludis

246 2648 397 2713 adsiduas
416 2650 576 2716 dederunt
594 2673 715 2737 operas,
734 2653 928 2738 plerumque
947 2650 1103 2729 videmus,

245 2772 320 2815 cum
339 2752 405 2815 iam
425 2753 621 2819 destiterunt
643 2755 848 2820 assensibus
867 2774 1031 2838 usurpare,
1247 2762 1309 2833 975

246 2853 381 2919 relicuas
401 2863 513 2920 tamen
536 2879 605 2922 esse
622 2857 691 2922 vias
713 2858 748 2922 in
768 2865 879 2922 mente
899 2856 1049 2943 patentis,

246 2980 312 3043 qua
332 2960 457 3044 possint
474 2961 589 3025 eadem
608 2983 717 3025 rerum
734 2961 906 3026 simulacra
927 2960 1045 3025 venire.

246 3064 443 3147 permultos
463 3065 574 3151 itaque
596 3065 654 3130 illa
672 3065 742 3131 dies
761 3066 875 3132 eadem
895 3065 1108 3130 obversantur

247 3174 324 3229 ante
347 3166 462 3242 oculos,
487 3168 588 3232 etiam
607 3168 779 3253 vigilantes
801 3177 840 3233 ut
860 3167 1033 3232 videantur

247 3292 376 3335 cernere
398 3270 546 3335 saltantis
567 3278 601 3335 et
622 3270 732 3335 mollia
748 3271 896 3335 membra
912 3266 1072 3333 moventis
1249 3268 1316 3349 980

247 3381 281 3439 et
298 3373 441 3439 citharae
460 3374 622 3458 liquidum
645 3395 774 3438 carmen
792 3371 991 3456 chordasque
1010 3366 1174 3454 loquentis

248 3475 380 3540 auribus
402 3476 545 3561 accipere
565 3485 600 3539 et
619 3496 804 3540 consessum
823 3493 953 3540 cernere
977 3470 1115 3536 eundem

248 3578 418 3664 scenaique
438 3579 536 3643 simul
555 3577 660 3643 varios
681 3576 851 3665 splendere
874 3575 1011 3642 decores.

158 3805 242 3846 sance
263 3797 323 3858 [not
341 3796 422 3857 mmo]
441 3796 637 3844 mmmitcoomo
670 3793 752 3845 'ramo
768 3793 832 3857 quid
847 3794 882 3844 sit
897 3793 971 3845 docet
986 3792 1091 3854 Festus,
1102 3791 1240 3845 comem
1254 3807 1316 3847 vero

158 3882 258 3930 tamam
269 3878 335 3928 dixit
346 3876 415 3940 quod
424 3877 545 3927 deorsum
556 3876 589 3925 ad
599 3875 677 3938 podes
687 3875 786 3926 tendat.
798 3875 836 3926 sio
846 3876 915 3926 intra
926 3877 1045 3926 eudomio
1056 3883 1129 3926 tecto.
1161 3874 1236 3927 Idem
1247 3890 1317 3927 error

158 3961 230 4024 apud
239 3961 355 4010 Nonium
371 3959 401 4008 in
410 3974 488 4010 versu
498 3958 594 4008 Lucilii
605 3958 633 4007 in
644 3973 705 4008 vooe
716 3959 826 4020 differre,
838 3958 883 4007 nbi
899 3973 946 4021 pro
963 3966 1032 4008 tomo
1042 3958 1136 4021 legitur
1147 3960 1250 4010 tcoaea’.

192 4043 240 4095 959
253 4043 350 4105 partim
360 4039 442 4090 Lucia
453 4041 493 4090 tor
499 4049 586 4102 parte:
599 4054 682 4102 comp.
694 4041 752 4091 919.
782 4040 1104 4104 mumurantem.
1115 4041 1184 4104 vulg.
1267 4039 1315 4091 961

158 4128 188 4174 tn
199 4132 247 4174 cest
256 4122 307 4172 Ed.
317 4124 358 4172 for
368 4126 450 4174 imus:
467 4137 550 4185 comp.
562 4123 611 4174 916
622 4121 674 4172 and
684 4123 740 4182 946.
753 4121 806 4172 and
816 4125 903 4186 capias
913 4122 943 4172 in
953 4124 1011 4175 967.
1043 4130 1115 4174 wau
1125 4121 1207 4173 Iasoh.

192 4206 241 4257 969
258 4206 477 4268 quo...dcoinctro.
511 4205 720 4266 qao...desacctus
732 4202 803 4252 Mon.
816 4203 880 4253 Ven.
892 4201 972 4252 alal
989 4203 1063 4253 June.
1096 4202 1318 4265 quot...deoiactus

157 4286 252 4338 Inmb.
270 4284 381 4337 without
398 4299 501 4335 resson.
600 4284 648 4336 964
664 4287 694 4334 io
712 4299 750 4334 co.
784 4286 813 4334 io
830 4299 881 4347 quo
895 4282 961 4333 Mar.
977 4281 1052 4332 Junt.
1067 4282 1136 4344 vulg.
1147 4280 1268 4343 wrongly.

192 4367 242 4419 966
258 4368 352 4430 dom.
384 4382 482 4419 cerm
497 4365 590 4418 Inmb.
689 4367 737 4417 989
754 4379 892 4416 conessum
903 4363 1269 4415 Quassatam.
