3092 4984
716 312 746 375 V
1246 330 1305 396 231

239 467 399 555 compleat
422 475 455 531 et
477 467 580 532 calido
601 464 776 553 perfimdat
796 475 914 533 cuncta
935 490 1060 555 vapore.
1245 483 1305 552 595

152 585 217 653 597
239 594 316 636 nam
340 572 414 636 licet
436 571 511 636 hinc
533 570 648 636 mundi
669 569 867 656 patefactum
888 570 990 637 tetius
1010 593 1115 637 unum

239 674 425 759 largifluum
446 674 571 739 fontem
591 681 714 738 scatere
735 680 836 757 atque
858 694 1027 758 erumpere
1048 675 1168 752 lumen.

239 798 281 841 ex
302 776 391 840 omni
412 774 535 841 mundo
556 775 634 861 quia
655 775 701 839 sic
722 775 886 840 elementa
906 775 1035 861 vaporis

240 877 384 963 undique
406 878 604 943 conveniunt
625 885 660 942 et
681 876 727 942 sic
747 876 911 941 coniectus
931 899 1044 944 eorum
1242 881 1309 946 600

239 979 383 1057 confluit,
404 1002 444 1045 ex
465 1002 531 1045 uno
552 979 658 1066 capite
679 979 733 1042 hic
754 987 793 1044 ut
814 978 953 1064 profluat
974 979 1078 1049 ardor.

240 1103 348 1147 nonne
370 1082 459 1147 vides
480 1082 582 1148 etiam
603 1103 702 1168 quam
722 1081 790 1146 late
810 1103 929 1166 pervus
950 1082 1048 1167 aquei

239 1193 334 1270 prata
355 1184 439 1270 riget
459 1184 531 1249 fons
553 1183 717 1249 interdum
739 1184 926 1269 campisque
948 1184 1133 1251 redundetl

242 1297 292 1352 est
313 1288 413 1353 etiam
434 1310 563 1374 quoque
585 1289 635 1354 uti
657 1310 722 1353 non
744 1309 863 1374 magno
884 1289 960 1355 solis
980 1290 1023 1356 ab
1043 1290 1113 1377 igni

241 1413 317 1456 aera
337 1392 494 1478 percipiat
516 1392 628 1458 calidis
649 1392 828 1458 fervoribus
848 1393 950 1475 ardor,
1241 1398 1304 1480 605

243 1507 441 1583 opportunus
462 1497 510 1562 ita
531 1505 580 1563 est
601 1497 628 1562 si
651 1497 732 1562 ferte
755 1505 790 1561 et
811 1496 945 1564 idoneus
965 1521 1030 1577 uer,

243 1610 281 1666 ut
302 1610 401 1687 queat
421 1600 553 1667 accendi
574 1601 681 1686 parvis
701 1600 869 1667 ardoribus
891 1603 992 1685 ictus;

243 1706 329 1790 quod
349 1729 453 1792 genus
473 1705 637 1771 interdum
658 1713 784 1790 segetes
804 1706 1023 1793 stipulamque
1043 1707 1191 1774 videmus

243 1808 392 1874 accedere
414 1831 454 1874 ex
475 1831 543 1874 una
561 1807 702 1872 scintilla
722 1807 872 1873 incendia
892 1811 1020 1895 passim.

243 1914 376 1979 forsitan
398 1923 433 1979 et
454 1935 544 1979 rosea
564 1912 611 1978 sol
633 1913 699 1977 alte
720 1912 870 1997 lampade
891 1913 1002 1980 lucens
1241 1915 1309 1979 610

243 2017 403 2103 possideat
424 2015 566 2081 multum
587 2015 689 2080 caecis
710 2014 889 2080 fervoribus
910 2016 1021 2102 ignem

243 2121 364 2186 circum
385 2141 428 2199 se,
451 2118 540 2183 nullo
561 2117 619 2204 qui
641 2118 684 2183 sit
705 2118 829 2204 firlgore
851 2127 991 2198 notatus,
1103 2191 1109 2202 ‚

244 2223 374 2289 aestifer
395 2231 434 2287 ut
454 2230 585 2287 tentum
606 2221 770 2286 radiorum
791 2231 951 2308 exaugeat
972 2222 1083 2288 ictum

287 2328 357 2393 Nec
377 2327 460 2392 ratio
481 2326 557 2392 solis
578 2325 715 2412 simplex
736 2335 766 2393 ct
787 2335 875 2393 certa
895 2329 1041 2413 putescit,

244 2456 309 2520 quo
330 2443 424 2519 pacto
445 2432 575 2498 aestivis
596 2453 615 2497 e
636 2431 782 2517 partibus
803 2434 997 2517 aegocerotis
1241 2435 1304 2515 615

246 2539 399 2604 brumalis
420 2538 516 2603 adeat
537 2536 640 2602 flexus
661 2545 761 2620 atque
784 2533 860 2601 inde
881 2545 1048 2604 revertens

244 2642 351 2707 cancri
372 2664 406 2706 se
428 2648 466 2705 ut
487 2648 595 2705 vertat
615 2645 720 2704 metas
741 2637 784 2702 ad
805 2638 990 2718 solstitialia,

245 2746 386 2831 lunaque
408 2744 572 2810 mensibus
593 2743 626 2808 id
648 2743 792 2829 spatium
812 2743 961 2809 videatur
981 2744 1079 2825 obire,

244 2870 354 2913 annua
374 2848 421 2913 sol
442 2848 478 2913 in
498 2869 563 2933 quo
583 2847 743 2912 consumit
765 2855 911 2932 tempora
931 2869 1034 2914 cursu

243 2975 318 3032 nou,
340 2953 482 3038 iuquam,
504 2952 641 3037 simplex
663 2951 714 3015 his
734 2951 831 3016 rebus
852 2950 978 3016 reddita
998 2961 1133 3019 csusast
1241 2954 1308 3018 620

244 3078 322 3120 nam
343 3055 413 3120 fieri
433 3055 486 3120 vel
506 3077 580 3121 cum
602 3053 715 3139 primis
735 3053 770 3117 id
791 3075 887 3140 posse
909 3052 1047 3132 videtur,

244 3157 420 3223 Democriti
442 3157 528 3244 quod
549 3164 661 3221 sancta
681 3155 743 3220 viri
763 3155 927 3221 sententie
946 3155 1048 3241 ponit,

244 3269 366 3348 quanto
388 3283 535 3348 quaeque
556 3260 659 3347 magis
679 3261 747 3327 siut
767 3270 888 3326 terram
910 3260 1016 3326 sidera
1036 3265 1177 3348 propter,

126 3431 130 3440 ,
245 3372 337 3430 tanto
358 3386 449 3450 posse
471 3363 579 3429 minus
600 3385 674 3429 cum
695 3362 777 3430 caeli
798 3362 928 3429 turbine
948 3363 1034 3431 ferri.

156 3551 234 3602 sunt
330 3550 470 3602 teo=5ea
566 3553 615 3604 598
631 3554 723 3603 lum.
748 3553 951 3618 stumlrsnc.
962 3552 1055 3604 hamb.
1069 3555 1118 3605 etc.
1132 3553 1241 3606 without
1257 3570 1310 3622 any

156 3631 298 3696 acthofity.
399 3633 448 3683 599
464 3633 526 3697 quta
540 3632 595 3683 ΑΒ.
628 3649 679 3697 qua
696 3633 768 3683 Nice.
789 3633 859 3684 Flor.
868 3636 900 3684 81
925 3633 1013 3701 (lach.
1031 3634 1055 3687 ls
1073 3633 1102 3687 in
1120 3637 1198 3703 orror)
1217 3638 1308 3691 (lamb.

157 3714 229 3763 lien.
241 3713 277 3764 all
286 3712 346 3763 Vct.
358 3711 429 3763 de
439 3713 500 3764 Ver.
510 3712 576 3764 Van.
587 3713 667 3763 Am
678 3713 754 3765 lunt.
787 3731 836 3779 quo
850 3715 942 3767 humb.
953 3719 1002 3769 cte.
1033 3721 1134 3782 vaporis
1147 3719 1238 3771 lamb.
1250 3720 1308 3773 first

157 3794 199 3844 lor
214 3809 314 3857 vapore.
427 3793 475 3846 606
488 3796 615 3858 pereipiat
633 3795 744 3857 Nauem.
763 3796 804 3846 lor
818 3800 963 3861 perceptas.
1077 3801 1125 3853 00⁰
1140 3804 1261 3854 Accedere
1275 3804 1307 3854 Δ.

157 3875 320 3925 sectores.
353 3873 524 3925 Accenderel
542 3889 607 3924 corr.
624 3874 793 3926 siccave.
804 3876 864 3927 Ver.
875 3878 941 3929 Van.
972 3882 1081 3932 decadi
1093 3881 1199 3934 noser
1216 3883 1308 3936 camb.

157 3956 243 4008 ovet.
255 3957 326 4007 Brix.
337 3958 413 4008 Pent.
424 3957 520 4008 Arane.
531 3957 642 4020 Nauger-
673 3958 792 4022 Accipere
801 3959 867 4009 Mar.
878 3961 952 4011 Junt.
963 3962 1070 4013 Lanu:
1086 3978 1130 4016 see
1142 3980 1164 4016 11
1174 3967 1248 4017 loss.

191 4040 240 4091 61⁰
255 4047 289 4090 et.
322 4039 432 4090 eLech„
448 4039 507 4090 rrhe
522 4039 575 4088 will
592 4053 672 4089 never
688 4039 797 4091 tolerate
812 4049 837 4092 et
853 4043 893 4092 lor
907 4046 994 4096 atam
1091 4047 1138 4098 ela
1154 4048 1265 4112 Antisti·
1279 4055 1309 4098 ut

157 4129 258 4174 mun
279 4122 390 4173 nortl
412 4122 499 4173 ovat.
519 4120 585 4172 Mur.
603 4121 678 4172 sunt.
696 4122 737 4172 ter
752 4125 873 4189 Aesttseri
888 4133 1005 4178 maur
1021 4126 1054 4188 Β,
1071 4136 1177 4182 mmm
1194 4129 1218 4180 Δ
1236 4128 1309 4180 Nico.

157 4206 309 4270 decollemur
323 4212 353 4254 at
370 4204 740 4256 tantanmc.1cmb.ete.
771 4208 923 4272 lucilerum
939 4215 1036 4259 mun
1051 4210 1163 4275 Nuper.
1260 4210 1310 4262 ou

156 4287 712 4353 rtnphaeoecnwssmlerninplamto.
742 4291 1108 4354 amplamcertalramb.
1139 4294 1311 4357 simplum

158 4378 227 4421 recta
242 4369 558 4424 PlectlcumMVct.
589 4378 707 4422 acrccto
731 4378 844 4423 etmta
861 4371 960 4424 etlam.
995 4371 1310 4437 mansuetabat.
