3092 4984
733 324 782 390 IV

264 479 419 546 duritiem
440 477 572 565 penitus
595 477 665 543 saxi
687 480 846 546 sentimus
867 480 903 545 in
925 481 999 549 alto⁴

308 584 406 649 Nune
428 605 496 668 age,
519 604 576 648 cur
597 582 684 647 ultra
705 584 873 668 speculum
895 584 1043 651 videatur
1064 585 1171 673 imago

262 686 411 773 percipe;
433 707 509 749 nam
531 692 618 750 certe
639 685 770 770 penitus
793 695 917 752 semota
938 688 1075 755 videtur.
1270 704 1335 771 270

177 814 183 850 z
263 788 350 873 quod
372 810 474 874 genus
496 787 552 851 illa
573 784 649 852 foris
671 810 756 873 quae
777 811 852 853 vere
874 791 1139 876 transpiciuntur,

263 893 361 957 ianua
382 916 456 958 cum
478 914 537 978 per
558 914 592 957 se
613 901 834 978 transpectum
857 894 994 980 praebet
1015 904 1173 981 apertum,

263 997 367 1061 multa
389 995 530 1081 facitque
552 995 629 1059 foris
651 1018 691 1061 ex
713 995 848 1061 aedibus
869 1005 909 1061 ut
929 997 1107 1063 videantur.

263 1100 291 1164 is
313 1120 441 1185 quoque
464 1097 551 1162 enim
574 1098 695 1183 duplici
716 1098 911 1184 geminoque
933 1099 972 1164 fit
993 1122 1067 1165 aere
1088 1101 1183 1165 visus.

262 1202 387 1288 primus
409 1202 497 1266 enim
519 1200 600 1265 citra
620 1210 728 1287 postes
749 1211 823 1267 tum
845 1203 988 1267 cernitur
1009 1225 1072 1282 aer,
1270 1216 1330 1287 275

180 1324 183 1329 ’
263 1304 339 1370 inde
361 1304 444 1370 fores
465 1304 554 1389 ipsae
576 1302 691 1368 dextra
712 1304 869 1390 laevaque
891 1314 1052 1386 secuntur,

262 1417 336 1493 post
357 1407 497 1472 extraria
519 1406 575 1470 lux
597 1406 704 1471 oculos
726 1416 890 1493 perterget
911 1417 945 1473 et
966 1430 1022 1473 aer

263 1513 346 1578 alter
367 1521 401 1577 01
423 1513 479 1576 illa
500 1511 576 1576 foris
598 1533 682 1596 quae
703 1532 779 1576 vere
801 1511 1063 1597 transpiciuntur.

263 1618 309 1683 sio
331 1618 389 1683 ubi
410 1640 444 1682 se
466 1616 607 1703 primum
630 1616 752 1702 speculi
774 1616 909 1700 proiecit
930 1617 1046 1701 imago,

262 1721 341 1786 dum
363 1720 452 1786 venit
475 1720 517 1785 ad
538 1727 663 1784 nostras
685 1719 778 1797 acies,
800 1717 964 1804 protrudit
989 1717 1121 1803 agitque
1268 1721 1335 1785 280

263 1847 339 1890 aera
360 1825 417 1911 qui
439 1825 524 1888 inter
546 1846 579 1888 se
602 1831 773 1907 cumquest
796 1823 967 1907 oculosque
989 1822 1121 1902 locatus,

264 1937 298 1993 et
320 1927 398 1992 facit
419 1936 458 1992 ut
479 1927 568 2012 prius
590 1926 678 1991 huno
700 1947 830 1991 omnem
852 1925 972 1990 sentire
995 1947 1152 2011 queamus

264 2053 363 2117 quam
378 2030 556 2116 speculum.
572 2029 629 2094 sed
644 2029 701 2093 ubi
716 2028 883 2114 speculum
899 2049 1028 2119 quoque
1043 2028 1200 2093 sensimus
1215 2027 1332 2113 ipsum,

264 2135 417 2200 continuo
438 2156 459 2199 a
480 2133 572 2198 nobis
594 2134 629 2197 in
653 2133 742 2198 idern
765 2153 848 2217 quac
870 2131 973 2195 fertur
994 2130 1102 2216 imago

263 2239 413 2325 peruenit
434 2245 468 2302 et
489 2246 613 2302 nostros
635 2237 742 2301 oeulos
764 2235 885 2300 reiecta
905 2234 1016 2299 revisit
1270 2238 1330 2317 285

264 2350 362 2426 atque
385 2340 485 2405 alium
506 2362 584 2425 prae
606 2362 640 2404 se
662 2338 844 2424 propellens
867 2360 942 2402 aera
963 2338 1065 2402 volvit

263 2443 396 2510 etfacit
419 2450 457 2507 ut
478 2443 568 2528 prius
591 2443 677 2507 hunc
699 2463 798 2528 quam
821 2463 855 2505 00
876 2440 1052 2519 videamus,
1076 2461 1178 2525 eoque

262 2547 381 2612 distare
404 2547 446 2611 ab
467 2545 597 2631 speculo
619 2553 750 2609 tentum
773 2551 900 2609 semota
921 2543 1057 2608 videtur.

262 2673 363 2736 quare
385 2651 485 2715 etiam
506 2659 606 2735 atque
628 2650 729 2714 ctiam
751 2649 887 2713 minime
909 2649 1056 2712 mirarier
1078 2656 1127 2712 est
1149 2670 1216 2734 par,

263 2753 329 2817 illic
351 2775 432 2838 quor
452 2751 592 2817 reddant
613 2751 817 2837 speculorum
839 2774 879 2815 ex
901 2774 1040 2836 aequore
1063 2752 1176 2832 visum,
1269 2769 1335 2837 290

263 2858 390 2923 aeribus
412 2857 496 2921 binis
519 2858 673 2943 quoniam
695 2879 746 2921 res
768 2856 868 2921 confit
889 2865 1036 2942 utraque.

263 2983 350 3026 nunc
372 2983 515 3047 eaquae
537 2961 630 3026 nobis
652 2962 871 3026 membrorum
894 2962 1027 3027 dextera
1047 2984 1122 3048 pars
1144 2972 1201 3040 est

263 3067 298 3130 in
320 3067 457 3153 speculis
478 3066 517 3131 fit
538 3075 577 3131 ut
599 3067 635 3131 in
656 3067 749 3132 laeva
769 3066 919 3132 videatur
940 3089 978 3132 eo
1002 3067 1088 3152 quod

175 3240 250 3292 thess
260 3255 347 3292 versos
357 3240 386 3290 in
396 3240 465 3291 their
475 3240 544 3303 right
555 3240 637 3291 order.
735 3241 785 3291 200
798 3243 900 3304 prium
909 3239 963 3290 (111.
975 3241 1015 3290 101
1021 3243 1143 3305 primam
1162 3247 1168 3271 ‘
1178 3255 1210 3292 ex
1219 3256 1245 3292 r.
1252 3245 1283 3292 e'
1300 3242 1334 3292 110

176 3337 244 3386 says.
343 3323 390 3374 267
407 3324 487 3385 ipsam
497 3321 568 3371 Nice.
580 3322 602 3371 B
613 3336 677 3371 corr.
690 3320 730 3369 ior
741 3323 806 3385 ipsa.

210 3405 260 3455 270
275 3411 367 3454 tenuta
381 3402 539 3452 1110021111
556 3403 683 3452 10111101
698 3410 805 3452 remoto:
824 3417 853 3451 00
869 3404 926 3452 288.
959 3410 1076 3453 rernrwm
1092 3403 1123 3462 B,
1135 3401 1218 3452 which
1232 3418 1292 3467 may
1302 3404 1334 3453 be

176 3483 254 3547 right.
352 3486 399 3534 271
411 3483 523 3535 01111278
534 3499 596 3546 quac
607 3499 662 3533 vere
674 3486 883 3547 waurptoiuutur.
908 3481 989 3532 Lech.
1001 3483 1136 3545 possessed
1146 3483 1180 3546 by
1190 3483 1233 3533 his
1244 3485 1335 3548 theory

177 3567 205 3616 ot
221 3568 286 3628 quod
301 3567 544 3631 901110(οω11194)
561 3565 671 3616 without
686 3580 738 3629 any
754 3565 886 3628 authority
903 3565 978 3615 reads
995 3573 1062 3623 runt,
1075 3567 1134 3614 bene
1150 3566 1190 3614 101
1206 3582 1271 3625 aere,
1282 3567 1335 3617 and

177 3647 251 3696 ruins
269 3647 315 3697 the
334 3649 477 3708 argument.
576 3649 623 3698 275
647 3656 699 3697 tum
718 3652 836 3698 cernitur.
877 3664 933 3698 cum
950 3648 1021 3697 Nico.
1041 3648 1111 3697 Flor.
1123 3649 1154 3697 sl
1177 3649 1266 3700 (lamb.
1285 3653 1334 3700 eto.

178 3726 262 3775 which
274 3726 323 3775 1100
339 3726 433 3776 01110οᾶ
448 3725 527 3776 much
543 3727 680 3776 confusion
696 3728 725 3777 in
741 3728 787 3778 1110
802 3729 857 3779 eds.
873 3728 960 3779 before
972 3728 1053 3778 Lech.
1150 3732 1198 3782 277
1211 3739 1335 3794 perterpet

178 3805 270 3854 Lamb.
282 3805 339 3855 first
355 3806 395 3854 101
405 3814 529 3869 permeet:
549 3806 588 3869 (οο
600 3815 712 3871 pertepet
728 3809 773 3858 ΑΒ
785 3808 814 3858 in
825 3810 887 3868 248ς
904 3810 951 3859 but
963 3810 1035 3859 there
1049 3817 1173 3872 perterret
1183 3811 1265 3876 Nice.)
1278 3827 1335 3875 per·

179 3888 258 3947 tiupct
268 3885 339 3935 Nico.
351 3885 403 3934 end
415 3901 443 3936 so
454 3887 491 3935 ull
502 3886 589 3936 heloro
595 3886 686 3936 Lamb.
785 3891 834 3939 283
850 3892 895 3939 uhi
905 3893 1031 3953 speculem
1042 3891 1107 3940 Mar.
1115 3891 1189 3940 Junt.
1201 3892 1241 3941 101
1251 3894 1296 3941 uti
1307 3896 1335 3943 in

177 3968 310 4029 speculum.
409 3968 458 4015 284
475 3969 504 4015 tn
515 3968 580 4015 idem
590 3966 641 4015 Ed.
653 3967 694 4016 101
704 3969 734 4016 in
744 3983 813 4019 eumz
830 3971 859 4018 id
870 3985 921 4019 was
932 3970 1058 4020 absorbed
1073 3970 1107 4033 by
1119 3973 1154 4030 in,
1166 3971 1219 4021 and
1229 3987 1267 4021 em
1282 3988 1335 4022 was

179 4047 243 4096 then
254 4044 369 4108 changed
384 4048 412 4095 to
429 4062 496 4095 eum:
513 4049 542 4096 iu
556 4061 608 4096 was
623 4047 675 4097 lost
693 4049 760 4097 alter
776 4053 805 4099 id
820 4051 849 4099 in
861 4066 888 4100 rr
900 4054 973 4103 1037.
1006 4056 1096 4102 itonam
1107 4052 1188 4102 Lech.
1286 4057 1336 4107 280

179 4129 240 4178 Illic
256 4144 319 4191 quor
328 4130 435 4177 reddunt
450 4128 501 4177 Ed.
517 4129 558 4177 for
573 4130 632 4178 Illic
648 4146 712 4191 quac
727 4133 844 4181 reddunt.
877 4133 958 4183 Lech.
974 4137 1036 4197 puts
1051 4135 1106 4185 this
1117 4149 1190 4184 verse
1201 4135 1335 4195 01101270,

179 4211 262 4261 where
273 4211 329 4263 itis
340 4211 411 4274 quite
422 4215 467 4261 ont
478 4213 505 4262 01
520 4213 604 4275 placa:
622 4212 689 4261 from
701 4213 782 4264 10711
798 4214 822 4263 10
835 4216 959 4266 manifest
974 4217 1032 4266 that
1048 4217 1211 4280 1110111103οο,
1227 4221 1274 4267 not
1290 4219 1335 4269 the

180 4294 233 4345 real
249 4294 346 4358 things,
363 4293 489 4344 ‘reddunt
505 4295 668 4357 speculorum
684 4309 715 4344 ex
725 4309 835 4358 aequore
845 4296 952 4347 visum'.
985 4299 1077 4349 hamb.
1089 4299 1141 4349 and
1151 4299 1247 4352 Grcech
1259 4299 1335 4349 think

180 4377 548 4441 000-00101011010101.
567 4392 597 4429 as
614 4377 691 4429 usual
710 4392 767 4429 sees
784 4393 819 4427 no
837 4377 962 4443 difficulty
979 4380 1008 4429 in
1025 4380 1071 4430 the
1089 4395 1139 4431 ms.
1155 4380 1262 4445 reading
1284 4380 1336 4432 end
