3092 4984
840 274 875 339 Π

364 453 502 519 quorum
523 453 627 496 unum
649 429 778 516 quidvis
799 428 980 516 generatim
1002 448 1130 493 sumere
1150 411 1257 515 perge,

364 537 510 603 invenies
532 544 643 602 tamen
664 533 751 599 inter
772 555 806 598 se
830 531 958 596 differre
980 529 1100 616 figuris

240 642 241 645 ’
364 663 424 707 nec
445 640 570 705 ratione
592 639 656 703 alia
676 638 783 724 proles
804 656 991 722 cognoscere
1013 643 1153 701 matrem

364 768 425 812 nec
446 753 551 810 mater
570 751 680 830 posset
701 743 842 829 prolem;
864 739 952 826 quod
972 761 1066 824 posse
1088 738 1236 804 videmus
1375 756 1440 822 350

365 871 425 915 nec
446 849 554 913 minus
575 855 674 932 atque
696 845 844 911 homines
865 846 953 910 inter
973 866 1007 909 se
1029 852 1109 909 nota
1130 845 1245 910 cluere.

366 974 443 1017 nam
465 971 561 1036 saepe
583 956 660 1014 ante
682 948 782 1014 deum
803 947 927 1012 vitulus
948 946 1084 1012 delubra
1104 946 1220 1012 decora

286 1043 289 1047 ⁵
366 1051 555 1116 turicremas
575 1056 708 1134 propter
727 1054 890 1112 mactatus
911 1044 1052 1110 concidit
1074 1067 1145 1109 aras

366 1152 531 1238 sanguinis
553 1150 702 1236 expirans
724 1148 863 1214 calidum
886 1147 927 1213 de
949 1155 1078 1232 pectore
1100 1146 1240 1226 flumeu;

366 1262 402 1318 at
423 1262 528 1319 mater
548 1252 660 1317 viridis
683 1252 785 1317 saltus
808 1251 921 1316 orbata
942 1272 1116 1337 peragrans
1376 1268 1393 1332 3
1398 1265 1434 1332 55

366 1357 470 1421 noscit
490 1355 583 1420 humi
604 1353 742 1441 pedibus
763 1352 902 1439 vestigia
921 1374 1032 1438 prema
1052 1351 1190 1430 bisulcis,

366 1459 476 1525 omnia
496 1459 663 1524 convisens
685 1458 785 1523 oculis
807 1457 877 1523 loca
898 1456 926 1522 si
948 1463 1048 1542 queat
1069 1479 1207 1543 usquam

366 1564 547 1650 conspicere
571 1562 726 1628 amissum
748 1561 861 1638 fetum,
886 1561 1090 1646 completque
1111 1559 1263 1645 querellis

366 1668 577 1734 frondiferum
598 1689 714 1732 nemus
736 1666 895 1732 absistens
916 1674 951 1731 et
972 1665 1084 1730 crebra
1104 1664 1215 1730 revisit

367 1774 408 1839 ad
430 1773 595 1839 stabulum
617 1770 776 1837 desiderio
798 1770 922 1856 perfixa
941 1769 1077 1847 iuvenci,
1374 1768 1440 1850 360

365 1900 426 1943 nec
447 1885 578 1943 tenerae
600 1876 712 1941 salices
733 1883 833 1961 atque
854 1873 973 1939 herbae
996 1895 1066 1938 rore
1088 1871 1234 1957 vigentes

366 1981 566 2066 fluminaque
588 1979 646 2044 illa
666 1986 793 2063 queunt
814 1977 949 2042 summis
971 1976 1116 2042 labentia
1137 1976 1216 2062 ripis

367 2082 527 2149 oblectere
548 2083 695 2147 animum
716 2080 923 2164 subitamque
945 2087 1090 2144 avertere
1112 2101 1230 2158 curam,

366 2207 426 2251 nec
448 2184 624 2250 vitulorum
646 2183 728 2248 aliae
751 2182 873 2269 species
894 2204 953 2268 per
973 2181 1095 2267 pabula
1115 2181 1203 2246 laeta

367 2289 511 2354 derivare
533 2296 659 2374 queunt
680 2288 827 2352 animum
849 2308 989 2372 curaque
1011 2286 1137 2352 levare:
1372 2287 1436 2368 365

366 2415 468 2478 usque
493 2392 572 2457 adeo
596 2391 751 2477 quiddam
772 2390 939 2477 proprium
961 2398 1140 2476 notumque
1162 2387 1307 2476 requirit

366 2502 534 2580 praeterea
554 2494 658 2558 teneri
679 2492 827 2559 tremulis
849 2515 924 2559 cum
946 2493 1078 2558 vocibus
1098 2491 1196 2556 haedi

366 2595 546 2680 cornigeras
567 2603 687 2661 norunt
709 2604 829 2661 matres
852 2594 992 2681 agnique
1015 2592 1137 2679 petulci

366 2699 535 2764 balantum
556 2699 712 2784 pecudes:
733 2700 789 2777 ita
813 2699 900 2785 quod
921 2707 1040 2765 natura
1061 2699 1208 2785 reposcit,

367 2803 408 2868 ad
431 2824 490 2867 sua
511 2802 648 2888 quisque
669 2802 736 2868 fere
759 2803 935 2868 decurrunt
957 2803 1059 2868 ubera
1078 2802 1179 2867 lactis.
1374 2819 1392 2883 3
1397 2819 1443 2885 70

366 2915 528 2993 postremo
550 2906 685 2991 quodvis
705 2906 909 2972 frumentum
931 2930 997 2972 non
1018 2915 1130 2971 tamen
1153 2927 1249 2971 omne

367 3011 488 3096 quique
510 3031 568 3074 suo
589 3031 707 3096 genere
729 3009 816 3073 inter
838 3032 872 3075 se
894 3010 999 3074 simile
1019 3031 1088 3074 esse
1109 3008 1241 3087 videbis,

367 3114 447 3200 quin
468 3111 661 3179 intercurrat
683 3112 844 3200 quaedam
866 3112 1024 3177 distantia
1046 3112 1164 3178 formis.

366 3214 624 3301 concharumque
645 3236 748 3302 genus
768 3214 864 3300 parili
886 3215 1011 3281 ratione
1033 3215 1181 3280 videmus

366 3319 499 3405 pingere
521 3317 647 3383 telluris
667 3316 836 3404 gremium,
860 3339 926 3403 qua
947 3317 1098 3382 mollibus
1120 3316 1217 3383 undis
1374 3334 1438 3403 375

280 3589 380 3639 ΗΜ
394 3589 434 3639 ior
449 3591 559 3653 Quorum
574 3590 648 3642 sunt.
659 3592 748 3655 vulgo:
766 3595 814 3644 not
829 3592 894 3644 Mar.
992 3592 1042 3646 647
1058 3592 1160 3657 quidvis
1175 3588 1256 3641 bach.
1270 3588 1311 3638 for
1321 3590 1441 3652 qm.

280 3682 311 3718 ar
322 3683 350 3717 rr
361 3670 417 3720 116.
523 3672 573 3722 666
588 3673 677 3723 Nescit
691 3672 773 3724 Lech.
784 3673 825 3723 ior
834 3675 948 3737 quuit
958 3673 981 3722 A
992 3673 1062 3723 Flor.
1074 3671 1105 3722 a1
1123 3671 1213 3723 camb.
1224 3672 1274 3721 cto.
1306 3670 1366 3719 Nos
1376 3673 1443 3734 quid

280 3748 352 3799 Nico.
386 3751 492 3814 Oinqatt
502 3751 533 3811 B,
546 3753 659 3816 Olnqoid
669 3752 741 3803 Gott.
773 3755 883 3817 Linquit
893 3754 916 3804 B
926 3769 991 3804 corr.
1002 3754 1068 3804 Mar.
1079 3752 1137 3803 nia
1150 3753 1164 3802 1
1182 3752 1256 3802 June.
1266 3750 1352 3817 vulgo,
1362 3751 1441 3803 with·

280 3831 326 3880 out
341 3843 425 3881 oense.
523 3834 571 3883 669
588 3834 706 3884 obsum
723 3833 773 3884 nd.
790 3834 831 3884 lor
846 3838 976 3886 adrium.
1003 3838 1132 3886 cdcffloeir
1145 3832 1226 3885 Lech.
1240 3833 1326 3884 which
1341 3835 1366 3883 is
1376 3848 1442 3898 very

280 3910 360 3962 wesk.
392 3912 514 3962 adsistens
531 3913 554 3962 B
573 3928 637 3963 corr.
653 3913 724 3965 Nico.
743 3915 813 3978 mig.
911 3917 959 3968 661
985 3919 1103 3978 mmm.
1129 3918 1236 3965 virm
1255 3913 1368 3965 uscos.
1388 3918 1442 3966 sat.

279 3993 343 4043 rra.
440 3993 489 4044 661
505 3994 609 4044 ilchB
622 3994 694 4045 Gott.
720 3997 777 4045 ullo
792 3995 905 4046 Macrob.
920 3996 958 4046 11.
979 3997 1172 4061 ‘Bcora’says
1183 3993 1265 4046 Lech.
1297 3998 1396 4046 Acorr.
1409 4010 1441 4047 as

279 4072 295 4125 1
314 4071 366 4123 and
387 4071 480 4124 Heius.
497 4073 565 4126 have
582 4075 670 4136 nomd,
691 4076 780 4127 camb.
799 4077 884 4140 vulgo.
982 4078 1031 4128 863
1055 4080 1164 4128 moisem
1183 4076 1197 4126 1
1215 4091 1274 4126 now
1291 4076 1370 4140 keep:
1394 4092 1442 4130 scs

280 4158 355 4206 notes
366 4156 391 4206 1.
417 4163 541 4219 mapsam
557 4156 607 4208 Ed.
624 4157 655 4207 in
672 4158 713 4209 lat
730 4158 771 4209 ed.
804 4162 905 4209 solitam
921 4159 1015 4221 Loch.;
1038 4161 1085 4211 but
1103 4162 1149 4212 the
1166 4160 1303 4211 carchara
1320 4158 1345 4210 is
1364 4160 1440 4223 quito

277 4241 391 4290 {molita
484 4238 531 4289 666
548 4254 664 4302 curaque.
696 4255 830 4305 auumque
841 4241 864 4290 Δ
874 4256 938 4293 corr.
949 4242 1022 4293 Nico.
1115 4244 1164 4295 669
1180 4244 1320 4292 Balomos·
1330 4242 1353 4291 Δ
1364 4243 1439 4293 Gott.

279 4321 350 4372 Nico.
362 4322 410 4371 etc.
443 4321 565 4372 Balotam
575 4321 598 4370 B
609 4320 678 4373 Flor.
689 4322 721 4372 61
739 4323 829 4374 camb.
840 4326 889 4374 cto.
988 4325 1036 4377 372
1052 4328 1146 4390 quique
1156 4323 1237 4375 Lech.
1248 4324 1289 4375 tor
1299 4324 1418 4389 quidque.
