3092 4984
775 294 831 361 ΙΙΙ

311 455 380 521 sola
401 473 508 537 neque
530 472 551 515 a
571 450 679 515 nervis
701 456 735 514 et
757 446 915 533 sanguine
937 447 1078 533 longiter
1098 470 1175 515 esse.

312 555 448 645 quodsi
473 554 592 638 (posset
614 550 703 616 enim
723 550 830 614 multo
850 549 952 635 prius)
976 549 1048 636 ipsa
1069 550 1171 615 animi
1193 550 1243 616 vis
1318 564 1384 633 790

313 665 349 729 in
370 660 477 747 capite
500 665 558 723 aut
581 656 702 721 umeris
724 663 784 720 aut
805 654 879 718 imis
901 653 1043 718 calcibus
1065 676 1134 720 esse

312 770 422 851 posset
443 771 478 826 11
498 758 622 823 innasci
645 757 758 843 quavis
781 756 816 820 in
838 765 939 841 parte,
961 756 1080 821 soleret

314 866 448 932 tandem
470 864 504 926 in
527 861 641 927 eodem
663 860 796 923 homine
818 867 917 942 atque
940 859 975 923 in
998 858 1113 923 eodem
1127 872 1210 924 'vase
1232 880 1372 923 manere.

313 969 401 1056 quod
424 965 578 1052 quoniam
600 969 708 1027 nostro
729 983 858 1046 quoque
881 968 1007 1024 constat
1029 982 1160 1046 corpore
1183 970 1307 1027 certum

315 1070 573 1157 dispositumque
597 1064 727 1129 videtur
748 1063 807 1128 ubi
830 1085 899 1127 esse
921 1071 955 1128 et
979 1084 1119 1128 crescere
1141 1065 1242 1148 possit
1318 1078 1381 1147 795

314 1195 440 1240 sorsum
461 1170 571 1234 anima
593 1176 692 1252 atque
714 1166 852 1242 animus,
875 1173 969 1233 tanto
992 1166 1096 1250 magis
1119 1166 1328 1231 infitiandum

314 1285 423 1343 totum
444 1295 537 1360 posse
560 1279 653 1337 extra
674 1293 789 1355 empus
811 1270 928 1334 durare
949 1271 1099 1356 genique.

314 1402 422 1468 quare,
446 1400 560 1463 corpus
584 1376 641 1441 nbi
663 1375 798 1451 interiit,
820 1375 953 1460 periisse
976 1383 1137 1440 necessest

315 1484 487 1550 confiteare
508 1479 652 1543 animam
674 1479 863 1543 distractam
887 1478 921 1541 in
943 1501 1074 1563 corpore
1096 1488 1175 1545 tcto.

314 1588 434 1674 quippe
457 1584 580 1649 etenim
602 1582 739 1646 mortale
761 1590 893 1647 aeterno
916 1582 1052 1667 iungere
1075 1589 1109 1647 et
1132 1604 1199 1647 una
1319 1586 1385 1651 800

315 1688 496 1757 consentire
518 1694 635 1772 putare
657 1693 691 1749 et
714 1684 806 1769 fungi
829 1694 946 1749 mutua
967 1708 1060 1771 posse

315 1794 512 1879 desiperest3
535 1788 614 1875 quid
637 1787 725 1852 enim
747 1788 904 1853 diversius
928 1811 996 1854 esse
1019 1789 1234 1876 putandumst

313 1907 372 1964 aut
394 1894 498 1980 magis
520 1894 607 1957 iuter
629 1913 663 1956 se
686 1891 886 1955 disiunctum
909 1892 1194 1979 fflscrepitansque,

315 2024 416 2088 quam
438 1996 573 2062 mortale
596 1993 683 2080 quod
704 2002 754 2058 est
777 1994 942 2058 inmortali
964 2004 1064 2080 atque
1086 1995 1222 2082 perenni

313 2108 461 2172 iunctum
484 2104 518 2168 in
538 2100 672 2166 concilio
694 2122 806 2164 saevas
830 2099 965 2163 tolerare
988 2099 1167 2185 procellasl
1318 2104 1378 2184 805

316 2210 403 2297 qnod
426 2209 454 2273 si
476 2208 558 2272 forte
582 2204 655 2270 ideo
678 2204 782 2289 magis
804 2204 997 2269 immortalis
1019 2205 1207 2283 habendast,
1320 2211 1384 2291 819

228 2420 293 2458 mss.
364 2406 411 2457 189
429 2405 535 2465 loepim
542 2402 633 2452 hamb.
642 2400 724 2451 Lach.
752 2402 850 2463 loupiac
859 2400 1189 2452 11111111111111111111331
1202 2404 1350 2466 1111111676.

261 2487 390 2540 790-793
409 2500 452 2534 are
474 2483 594 2546 repeated
610 2499 627 2532 v
645 2484 773 2534 let-137
795 2481 904 2531 without
927 2483 971 2532 the
990 2498 1054 2533 mss.
1072 2483 1191 2547 diflering
1209 2485 1238 2535 in
1264 2502 1280 2536 a
1302 2488 1384 2550 single

229 2570 314 2618 letter.
338 2567 449 2615 Iflstter
462 2564 557 2627 myseli
571 2563 662 2613 Ihave
675 2562 750 2612 made
766 2562 811 2612 the
827 2578 933 2625 passage
947 2564 1015 2613 clear
1029 2564 1063 2627 by
1078 2568 1200 2614 acorrsct
1213 2569 1384 2628 punctuation

228 2648 337 2698 without
348 2646 393 2695 the
404 2645 501 2707 change
511 2644 538 2693 of
550 2659 566 2694 a
576 2643 657 2693 word:
676 2646 725 2695 790
737 2652 819 2706 posset
831 2648 896 2693 mim
907 2647 983 2693 mutto
991 2647 1065 2707 prius
1080 2646 1095 2694 I
1106 2646 1207 2695 enclose
1218 2647 1247 2696 in
1257 2647 1384 2708 brackets,

229 2729 281 2780 aad
292 2727 368 2790 begin
378 2726 423 2775 the
434 2725 554 2788 spodosis
565 2727 697 2775 attulerat.
720 2723 800 2774 Lach.
811 2724 874 2774 here
886 2726 938 2774 and
948 2725 977 2773 in
987 2740 1003 2773 v
1014 2725 1088 2775 reads
1101 2729 1170 2788 Quid
1179 2730 1202 2777 ai
1210 2737 1292 2790 posset
1303 2733 1384 2781 caira!

228 2812 314 2860 multo.
348 2808 413 2857 Mar.
426 2806 507 2855 Aldl
523 2806 597 2855 Junt.
609 2807 676 2867 wrlg.
689 2805 745 2868 give
757 2807 814 2855 Hoc
824 2808 847 2854 ai
854 2813 936 2868 posset
947 2808 1021 2864 enim,
1033 2810 1119 2857 multo.
1218 2811 1267 2858 800
1282 2815 1385 2862 11111111

229 2891 303 2941 Junt.
323 2890 363 2938 ior
379 2890 516 2938 mortalem.
613 2888 661 2935 805
678 2902 765 2935 suevos
784 2886 849 2935 Mar.
866 2887 941 2936 Juut.
959 2887 999 2936 ior
1016 2890 1107 2937 saluae.
1205 2890 1386 2942 sot-sle„

229 2974 358 3023 etl-363
369 2971 438 3021 word
452 2971 492 3020 ior
509 2970 590 3020 word:
607 2970 670 3033 they
680 2969 742 3020 here
757 2970 887 3033 interrupt
904 2970 950 3020 the
966 2975 1110 3033 argument,
1127 2970 1179 3021 and
1194 2987 1237 3022 are
1253 2973 1281 3022 ol
1294 2988 1385 3025 course

229 3069 278 3104 one
289 3054 317 3102 ol
326 3053 372 3102 the
382 3067 462 3115 many
472 3052 569 3115 glossas
580 3050 643 3100 with
653 3050 737 3099 which
751 3066 823 3100 some
838 3050 928 3101 reader
941 3050 990 3100 has
1001 3051 1099 3101 wished
1110 3051 1193 3102 either
1203 3056 1231 3102 to
1242 3054 1345 3116 explain
1356 3069 1386 3104 or

228 3137 311 3186 relate
322 3136 368 3186 the
379 3139 439 3199 poet
448 3136 482 3199 by
493 3135 600 3198 quoting
609 3134 652 3183 his
664 3150 720 3183 own
730 3150 818 3184 verses
829 3134 869 3183 for
880 3149 909 3184 or
919 3136 1020 3196 against
1031 3134 1095 3194 him,
1108 3150 1137 3184 as
1148 3135 1193 3185 the
1204 3150 1262 3185 case
1273 3150 1334 3199 may
1344 3136 1385 3186 be.

228 3216 281 3266 But
297 3232 326 3266 as
341 3216 399 3266 that
409 3215 494 3265 which
509 3216 606 3265 lollows
623 3215 652 3264 in
667 3214 712 3265 the
729 3215 789 3264 fifth
806 3215 873 3264 book
888 3215 987 3277 applica
1003 3215 1064 3279 only
1075 3218 1102 3264 tc
1118 3215 1163 3265 the
1180 3216 1287 3273 heaven,
1298 3220 1345 3266 not
1357 3220 1386 3266 to

228 3297 274 3347 1111
285 3297 359 3347 mind
367 3298 394 3347 ol
403 3297 487 3346 which
498 3297 573 3345 Lacr.
585 3295 609 3345 is
619 3295 682 3346 here
693 3296 824 3358 speaking,
834 3296 867 3345 he
878 3295 923 3345 did
933 3299 979 3345 not
988 3297 1110 3345 continue
1118 3296 1161 3345 his
1172 3297 1319 3358 quotation;
1337 3297 1386 3348 but

228 3378 286 3427 Ald.
298 3380 311 3427 1
323 3378 375 3428 and
385 3379 460 3429 Junt.
471 3378 537 3427 aiter
548 3377 674 3427 Mamilus
685 3376 803 3426 lellowed
818 3377 852 3439 by
863 3377 899 3425 all
914 3376 1010 3425 editors
1022 3377 1108 3426 helore
1124 3376 1203 3426 Lech.
1215 3377 1266 3426 add
1275 3393 1293 3428 r
1303 3379 1386 3428 364-

229 3462 285 3520 373,
303 3460 394 3523 rudely
405 3458 502 3509 altered
520 3460 547 3508 to
565 3459 618 3508 suit
635 3458 681 3508 the
699 3461 804 3520 present
825 3457 932 3520 subject.
967 3460 1008 3507 ‘at
1025 3457 1156 3507 Michahel
1172 3458 1313 3508 Marullus’
1325 3473 1386 3522 says

228 3539 308 3591 Lech.
327 3540 408 3603 justly
418 3539 555 3602 indignant
573 3539 634 3587 ‘illo
654 3539 774 3601 [lectore]
797 3537 917 3587 audacior
936 3537 1112 3587 nihilveritus
1131 3540 1171 3588 est
1190 3537 1282 3587 ceteris
1301 3541 1385 3588 trans

228 3620 342 3671 terendis
356 3619 485 3669 immanes
499 3618 612 3681 ineptias
626 3618 734 3678 interre;
752 3634 817 3681 quos
828 3633 918 3668 versus
929 3633 988 3667 cum
1000 3633 1090 3667 onmes
1101 3617 1175 3666 libris
1186 3617 1317 3668 veteribus
1328 3617 1386 3669 sine

227 3702 376 3763 exceptione
396 3700 516 3750 omnibus
534 3701 624 3751 abesse
643 3703 689 3749 aut
707 3701 803 3750 seirent
821 3704 867 3751 eut
883 3704 951 3751 certe
968 3700 1090 3751 deberent
1108 3700 1182 3757 scire,
1200 3699 1316 3762 plerique
1328 3700 1387 3750 sine

227 3781 404 3832 admonitione
422 3785 598 3844 susceperunt,
611 3782 794 3842 Walafisldus,
810 3783 853 3833 cui
868 3784 990 3845 Forbiger
1006 3782 1132 3833 adsensus
1147 3786 1187 3833 est
1200 3778 1335 3844 “poetae'’
1349 3782 1387 3847 (id

227 3866 268 3913 111
286 3863 399 3926 Marulli)
417 3863 528 3913 miratur
545 3864 759 3914 “consideratam
775 3866 940 3916 severitatem
954 3865 1098 3928 diligitque,
1114 3867 1230 3927 partam
1245 3864 1387 3915 dilucidam

226 3942 450 3993 ratiocinationem
470 3943 622 4005 simpliciter
641 3945 759 3993 'mentem
781 3959 856 3994 suam
878 3946 1065 4009 exponentis”.
1099 3944 1167 3994 mihi
1189 3943 1295 3994 Mamili
1316 3944 1387 3996 male

227 4023 317 4074 sedula
339 4022 492 4085 simplicitas
511 4038 565 4073 non
583 4024 663 4074 nimis
682 4025 835 4088 exagitanda
854 4041 910 4076 esse
928 4027 1042 4077 videtur:
1071 4025 1198 4076 subiciam
1217 4028 1308 4075 tamen
1327 4024 1387 4076 eius

226 4104 374 4165 versiculos,
396 4108 426 4155 ut
445 4109 566 4169 appareat
588 4122 653 4170 quse
671 4107 808 4158 Lambinis
830 4113 856 4160 et
875 4110 1040 4160 Wakefieldis
1060 4110 1167 4175 (ceteros
1188 4124 1258 4159 nnnc
1280 4108 1384 4173 omitto)

158 4249 159 4254 Ἰ
226 4186 346 4237 Lucretio
357 4185 509 4250 dignissima
519 4186 575 4237 visa
589 4187 696 4238 luerint.
720 4190 755 4237 At
770 4204 856 4250 mque,
867 4192 908 4239 ati
919 4192 1003 4249 docui,
1018 4192 1098 4240 solido
1109 4206 1165 4240 eam
1176 4205 1275 4253 corpore
1286 4189 1386 4240 mentis

226 4270 328 4320 Natura
342 4276 386 4328 est,
403 4271 521 4333 11111111
535 4270 671 4319 adoriam
685 4277 721 4320 eat
736 4273 764 4321 ia
779 4272 851 4320 retae
867 4273 949 4331 inum,
966 4274 1018 4322 Nec
1031 4280 1114 4322 1111111
1125 4274 1387 4334 cotienscumque

227 4358 311 4402 octos
320 4365 423 4416 comosa
434 4351 522 4402 demat
531 4352 575 4401 Ec
585 4352 694 4416 infinito,
708 4367 773 4417 qaae
786 4355 884 4417 perstat
895 4355 965 4418 sorte
979 4362 1065 4406 coorto
1078 4356 1198 4406 Ocnum
1211 4355 1275 4405 teuc
1287 4352 1390 4405 mentis
