<?xml version="1.0" encoding="UTF-8"?>
<!DOCTYPE html PUBLIC "-//W3C//DTD XHTML 1.0 Transitional//EN"
    "http://www.w3.org/TR/xhtml1/DTD/xhtml1-transitional.dtd">
<html xmlns="http://www.w3.org/1999/xhtml" xml:lang="en" lang="en">
 <head>
  <title>
</title>
<meta http-equiv="Content-Type" content="text/html;charset=utf-8" />
  <meta name='ocr-system' content='tesseract 3.04.00' />
  <meta name='ocr-capabilities' content='ocr_page ocr_carea ocr_par ocr_line ocrx_word'/>
</head>
<body>
  <div class='ocr_page' id='page_1' title='image "./dererumnaturali01munrgoog_0210.png"; bbox 0 0 3092 4984; ppageno 0'>
   <div class='ocr_carea' id='block_1_1' title="bbox 129 485 1307 3671">
    <p class='ocr_par' dir='ltr' id='par_1_1' title="bbox 129 485 1307 3671">
     <span class='ocr_line' id='line_1_1' title="bbox 224 485 1101 573; baseline -0.001 -20"><span class='ocrx_word' id='word_1_1' title='bbox 224 496 262 554; x_wconf 85' lang='lat' dir='ltr'>ut</span> <span class='ocrx_word' id='word_1_2' title='bbox 284 485 372 573; x_wconf 89' lang='lat' dir='ltr'>quod</span> <span class='ocrx_word' id='word_1_3' title='bbox 393 485 437 551; x_wconf 89' lang='lat' dir='ltr'>ali</span> <span class='ocrx_word' id='word_1_4' title='bbox 460 486 552 551; x_wconf 90' lang='lat' dir='ltr'>cibus</span> <span class='ocrx_word' id='word_1_5' title='bbox 574 493 624 551; x_wconf 89' lang='lat' dir='ltr'>est</span> <span class='ocrx_word' id='word_1_6' title='bbox 646 486 719 551; x_wconf 86' lang='lat' dir='ltr'>aliis</span> <span class='ocrx_word' id='word_1_7' title='bbox 740 485 813 552; x_wconf 83' lang='lat' dir='ltr'>fuat</span> <span class='ocrx_word' id='word_1_8' title='bbox 835 508 907 553; x_wconf 88' lang='lat' dir='ltr'>acre</span> <span class='ocrx_word' id='word_1_9' title='bbox 930 508 1101 553; x_wconf 84' lang='lat' dir='ltr'>venenum.</span> 
     </span>
     <span class='ocr_line' id='line_1_2' title="bbox 225 590 1132 676; baseline 0.001 -20"><span class='ocrx_word' id='word_1_10' title='bbox 225 613 294 656; x_wconf 81' lang='lat' dir='ltr'>esse</span> <span class='ocrx_word' id='word_1_11' title='bbox 316 591 364 655; x_wconf 88' lang='lat' dir='ltr'>ita</span> <span class='ocrx_word' id='word_1_12' title='bbox 385 591 456 675; x_wconf 86' lang='lat' dir='ltr'>quit</span> <span class='ocrx_word' id='word_1_13' title='bbox 480 611 619 675; x_wconf 86' lang='lat' dir='ltr'>serpens,</span> <span class='ocrx_word' id='word_1_14' title='bbox 643 590 784 655; x_wconf 88' lang='lat' dir='ltr'>hominis</span> <span class='ocrx_word' id='word_1_15' title='bbox 807 614 890 676; x_wconf 88' lang='lat' dir='ltr'>quae</span> <span class='ocrx_word' id='word_1_16' title='bbox 913 598 1002 656; x_wconf 84' lang='lat' dir='ltr'>tacta</span> <span class='ocrx_word' id='word_1_17' title='bbox 1022 592 1132 657; x_wconf 85' lang='lat' dir='ltr'>salivis</span> 
     </span>
     <span class='ocr_line' id='line_1_3' title="bbox 225 693 967 781; baseline 0.001 -23"><span class='ocrx_word' id='word_1_18' title='bbox 225 693 361 780; x_wconf 84' lang='lat' dir='ltr'>disperit</span> <span class='ocrx_word' id='word_1_19' title='bbox 383 715 420 758; x_wconf 86' lang='lat' dir='ltr'>ao</span> <span class='ocrx_word' id='word_1_20' title='bbox 442 715 512 758; x_wconf 90' lang='lat' dir='ltr'>sese</span> <span class='ocrx_word' id='word_1_21' title='bbox 534 693 717 758; x_wconf 87' lang='lat' dir='ltr'>mandendo</span> <span class='ocrx_word' id='word_1_22' title='bbox 738 694 868 759; x_wconf 87' lang='lat' dir='ltr'>conficit</span> <span class='ocrx_word' id='word_1_23' title='bbox 889 695 967 781; x_wconf 86' lang='lat' dir='ltr'>ipsa</span> 
     </span>
     <span class='ocr_line' id='line_1_4' title="bbox 225 796 1301 882; baseline 0.001 -21"><span class='ocrx_word' id='word_1_24' title='bbox 225 806 395 882; x_wconf 89' lang='lat' dir='ltr'>praeterea</span> <span class='ocrx_word' id='word_1_25' title='bbox 417 796 510 860; x_wconf 90' lang='lat' dir='ltr'>nobis</span> <span class='ocrx_word' id='word_1_26' title='bbox 531 805 697 860; x_wconf 81' lang='lat' dir='ltr'>veratrum</span> <span class='ocrx_word' id='word_1_27' title='bbox 721 805 770 860; x_wconf 91' lang='lat' dir='ltr'>est</span> <span class='ocrx_word' id='word_1_28' title='bbox 793 819 865 860; x_wconf 88' lang='lat' dir='ltr'>acre</span> <span class='ocrx_word' id='word_1_29' title='bbox 888 819 1060 876; x_wconf 89' lang='lat' dir='ltr'>venenum,</span> <span class='ocrx_word' id='word_1_30' title='bbox 1235 797 1301 878; x_wconf 89' lang='lat'>640</span> 
     </span>
     <span class='ocr_line' id='line_1_5' title="bbox 129 901 1035 986; baseline 0.002 -22"><span class='ocrx_word' id='word_1_31' title='bbox 129 959 135 964; x_wconf 89' lang='lat'><em>.</em></span> <span class='ocrx_word' id='word_1_32' title='bbox 159 953 165 958; x_wconf 92' lang='lat'>.</span> <span class='ocrx_word' id='word_1_33' title='bbox 226 912 262 966; x_wconf 93' lang='lat' dir='ltr'>at</span> <span class='ocrx_word' id='word_1_34' title='bbox 284 902 388 986; x_wconf 89' lang='lat' dir='ltr'>capris</span> <span class='ocrx_word' id='word_1_35' title='bbox 409 901 521 986; x_wconf 78' lang='lat' dir='ltr'>adipes</span> <span class='ocrx_word' id='word_1_36' title='bbox 544 908 578 965; x_wconf 87' lang='lat' dir='ltr'>et</span> <span class='ocrx_word' id='word_1_37' title='bbox 600 901 818 965; x_wconf 88' lang='lat' dir='ltr'>cotnmicibus</span> <span class='ocrx_word' id='word_1_38' title='bbox 841 909 947 986; x_wconf 87' lang='lat' dir='ltr'>auget.</span> <span class='ocrx_word' id='word_1_39' title='bbox 1030 937 1035 942; x_wconf 93' lang='lat'>·</span> 
     </span>
     <span class='ocr_line' id='line_1_6' title="bbox 225 1003 1001 1089; baseline 0 -21"><span class='ocrx_word' id='word_1_40' title='bbox 225 1014 264 1069; x_wconf 91' lang='lat' dir='ltr'>ut</span> <span class='ocrx_word' id='word_1_41' title='bbox 286 1005 404 1089; x_wconf 90' lang='lat' dir='ltr'>quibus</span> <span class='ocrx_word' id='word_1_42' title='bbox 427 1003 460 1067; x_wconf 92' lang='lat' dir='ltr'>id</span> <span class='ocrx_word' id='word_1_43' title='bbox 483 1004 541 1067; x_wconf 84' lang='lat' dir='ltr'>fiat</span> <span class='ocrx_word' id='word_1_44' title='bbox 563 1003 659 1067; x_wconf 88' lang='lat' dir='ltr'>rebus</span> <span class='ocrx_word' id='word_1_45' title='bbox 682 1025 870 1088; x_wconf 81' lang='lat' dir='ltr'>cognoscere</span> <span class='ocrx_word' id='word_1_46' title='bbox 892 1004 1001 1089; x_wconf 89' lang='lat' dir='ltr'>possis,</span> 
     </span>
     <span class='ocr_line' id='line_1_7' title="bbox 228 1100 1082 1187; baseline 0.001 -21"><span class='ocrx_word' id='word_1_47' title='bbox 228 1102 385 1187; x_wconf 83' lang='lat' dir='ltr'>principio</span> <span class='ocrx_word' id='word_1_48' title='bbox 407 1101 592 1166; x_wconf 81' lang='lat' dir='ltr'>meminisse</span> <span class='ocrx_word' id='word_1_49' title='bbox 614 1100 707 1165; x_wconf 87' lang='lat' dir='ltr'>decet</span> <span class='ocrx_word' id='word_1_50' title='bbox 729 1124 813 1185; x_wconf 84' lang='lat' dir='ltr'>quae</span> <span class='ocrx_word' id='word_1_51' title='bbox 836 1101 977 1166; x_wconf 80' lang='lat' dir='ltr'>diximus</span> <span class='ocrx_word' id='word_1_52' title='bbox 998 1108 1082 1178; x_wconf 85' lang='lat' dir='ltr'>ante,</span> 
     </span>
     <span class='ocr_line' id='line_1_8' title="bbox 181 1204 1010 1270; baseline -0.002 0"><span class='ocrx_word' id='word_1_53' title='bbox 181 1247 187 1252; x_wconf 91' lang='lat'>-</span> <span class='ocrx_word' id='word_1_54' title='bbox 228 1206 353 1270; x_wconf 88' lang='lat' dir='ltr'>semina</span> <span class='ocrx_word' id='word_1_55' title='bbox 374 1204 575 1269; x_wconf 85' lang='lat' dir='ltr'>multimodis</span> <span class='ocrx_word' id='word_1_56' title='bbox 597 1205 631 1268; x_wconf 90' lang='lat' dir='ltr'>in</span> <span class='ocrx_word' id='word_1_57' title='bbox 654 1204 750 1268; x_wconf 89' lang='lat' dir='ltr'>rebus</span> <span class='ocrx_word' id='word_1_58' title='bbox 771 1205 877 1269; x_wconf 85' lang='lat' dir='ltr'>mixta</span> <span class='ocrx_word' id='word_1_59' title='bbox 898 1206 1010 1269; x_wconf 87' lang='lat' dir='ltr'>teneri.</span> 
     </span>
     <span class='ocr_line' id='line_1_9' title="bbox 228 1308 1297 1395; baseline -0.002 -21"><span class='ocrx_word' id='word_1_60' title='bbox 228 1331 323 1395; x_wconf 90' lang='lat' dir='ltr'>porro</span> <span class='ocrx_word' id='word_1_61' title='bbox 344 1330 455 1374; x_wconf 88' lang='lat' dir='ltr'>omnes</span> <span class='ocrx_word' id='word_1_62' title='bbox 477 1329 701 1393; x_wconf 88' lang='lat' dir='ltr'>quaecumque</span> <span class='ocrx_word' id='word_1_63' title='bbox 723 1308 833 1372; x_wconf 88' lang='lat' dir='ltr'>cibum</span> <span class='ocrx_word' id='word_1_64' title='bbox 854 1308 988 1393; x_wconf 88' lang='lat' dir='ltr'>capiunt</span> <span class='ocrx_word' id='word_1_65' title='bbox 1008 1308 1198 1387; x_wconf 79' lang='lat' dir='ltr'>animantes,</span> <span class='ocrx_word' id='word_1_66' title='bbox 1235 1308 1297 1388; x_wconf 86' lang='grc'>645</span> 
     </span>
     <span class='ocr_line' id='line_1_10' title="bbox 229 1411 1041 1496; baseline -0.001 -20"><span class='ocrx_word' id='word_1_67' title='bbox 229 1421 268 1477; x_wconf 86' lang='lat' dir='ltr'>nt</span> <span class='ocrx_word' id='word_1_68' title='bbox 289 1421 367 1477; x_wconf 89' lang='lat' dir='ltr'>sunt</span> <span class='ocrx_word' id='word_1_69' title='bbox 388 1411 560 1476; x_wconf 85' lang='lat' dir='ltr'>dissimiles</span> <span class='ocrx_word' id='word_1_70' title='bbox 582 1411 782 1475; x_wconf 84' lang='lat' dir='ltr'>extrinsecus</span> <span class='ocrx_word' id='word_1_71' title='bbox 805 1419 839 1475; x_wconf 89' lang='lat' dir='ltr'>et</span> <span class='ocrx_word' id='word_1_72' title='bbox 860 1411 1041 1496; x_wconf 82' lang='lat' dir='ltr'>generatim</span> 
     </span>
     <span class='ocr_line' id='line_1_11' title="bbox 230 1514 1018 1592; baseline -0.004 -12"><span class='ocrx_word' id='word_1_73' title='bbox 230 1516 353 1580; x_wconf 83' lang='lat' dir='ltr'>extima</span> <span class='ocrx_word' id='word_1_74' title='bbox 373 1514 593 1579; x_wconf 89' lang='lat' dir='ltr'>membrorum</span> <span class='ocrx_word' id='word_1_75' title='bbox 614 1514 867 1578; x_wconf 83' lang='lat' dir='ltr'>circumcaesura</span> <span class='ocrx_word' id='word_1_76' title='bbox 888 1522 1018 1592; x_wconf 86' lang='lat' dir='ltr'>coercet,</span> 
     </span>
     <span class='ocr_line' id='line_1_12' title="bbox 230 1616 1093 1703; baseline 0.002 -22"><span class='ocrx_word' id='word_1_77' title='bbox 230 1616 365 1703; x_wconf 88' lang='lat' dir='ltr'>proinde</span> <span class='ocrx_word' id='word_1_78' title='bbox 387 1625 421 1682; x_wconf 89' lang='lat' dir='ltr'>et</span> <span class='ocrx_word' id='word_1_79' title='bbox 438 1616 620 1690; x_wconf 71' lang='lat' dir='ltr'>,seminibus</span> <span class='ocrx_word' id='word_1_80' title='bbox 642 1624 793 1680; x_wconf 86' lang='lat' dir='ltr'>constant</span> <span class='ocrx_word' id='word_1_81' title='bbox 813 1616 961 1680; x_wconf 73' lang='lat' dir='ltr'>vadante</span> <span class='ocrx_word' id='word_1_82' title='bbox 983 1616 1093 1702; x_wconf 82' lang='lat' dir='ltr'>figura</span> 
     </span>
     <span class='ocr_line' id='line_1_13' title="bbox 231 1718 1055 1806; baseline -0.001 -21"><span class='ocrx_word' id='word_1_83' title='bbox 231 1721 451 1785; x_wconf 81' lang='lat' dir='ltr'>seminecum</span> <span class='ocrx_word' id='word_1_84' title='bbox 473 1742 567 1806; x_wconf 88' lang='lat' dir='ltr'>porro</span> <span class='ocrx_word' id='word_1_85' title='bbox 589 1718 721 1795; x_wconf 89' lang='lat' dir='ltr'>distent,</span> <span class='ocrx_word' id='word_1_86' title='bbox 745 1718 874 1783; x_wconf 87' lang='lat' dir='ltr'>differre</span> <span class='ocrx_word' id='word_1_87' title='bbox 896 1728 1055 1784; x_wconf 85' lang='lat' dir='ltr'>necessest</span> 
     </span>
     <span class='ocr_line' id='line_1_14' title="bbox 232 1817 1303 1907; baseline 0 -19"><span class='ocrx_word' id='word_1_88' title='bbox 232 1824 403 1889; x_wconf 84' lang='lat' dir='ltr'>intervalla</span> <span class='ocrx_word' id='word_1_89' title='bbox 426 1817 566 1907; x_wconf 68' lang='lat' dir='ltr'>viamuq</span> <span class='ocrx_word' id='word_1_90' title='bbox 589 1822 747 1887; x_wconf 85' lang='lat' dir='ltr'>foramina</span> <span class='ocrx_word' id='word_1_91' title='bbox 768 1844 852 1907; x_wconf 84' lang='lat' dir='ltr'>quae</span> <span class='ocrx_word' id='word_1_92' title='bbox 874 1821 1090 1907; x_wconf 90' lang='lat' dir='ltr'>perbibemus,</span> <span class='ocrx_word' id='word_1_93' title='bbox 1236 1823 1303 1904; x_wconf 83' lang='lat'>650</span> 
     </span>
     <span class='ocr_line' id='line_1_15' title="bbox 232 1926 1098 2012; baseline -0.001 -19"><span class='ocrx_word' id='word_1_94' title='bbox 232 1928 383 1993; x_wconf 91' lang='lat' dir='ltr'>omnibus</span> <span class='ocrx_word' id='word_1_95' title='bbox 403 1928 438 1992; x_wconf 92' lang='lat' dir='ltr'>in</span> <span class='ocrx_word' id='word_1_96' title='bbox 461 1928 614 1992; x_wconf 89' lang='lat' dir='ltr'>membris</span> <span class='ocrx_word' id='word_1_97' title='bbox 636 1937 670 1993; x_wconf 87' lang='lat' dir='ltr'>et</span> <span class='ocrx_word' id='word_1_98' title='bbox 693 1928 727 1991; x_wconf 93' lang='lat' dir='ltr'>in</span> <span class='ocrx_word' id='word_1_99' title='bbox 750 1949 805 1991; x_wconf 91' lang='lat' dir='ltr'>ore</span> <span class='ocrx_word' id='word_1_100' title='bbox 827 1927 961 2012; x_wconf 89' lang='lat' dir='ltr'>ipsoque</span> <span class='ocrx_word' id='word_1_101' title='bbox 982 1926 1098 2011; x_wconf 84' lang='lat' dir='ltr'>palato.</span> 
     </span>
     <span class='ocr_line' id='line_1_16' title="bbox 232 2027 1113 2117; baseline -0.003 -21"><span class='ocrx_word' id='word_1_102' title='bbox 232 2053 300 2096; x_wconf 89' lang='lat' dir='ltr'>esse</span> <span class='ocrx_word' id='word_1_103' title='bbox 322 2031 448 2095; x_wconf 90' lang='lat' dir='ltr'>minora</span> <span class='ocrx_word' id='word_1_104' title='bbox 468 2031 569 2116; x_wconf 88' lang='lat' dir='ltr'>igitur</span> <span class='ocrx_word' id='word_1_105' title='bbox 590 2030 752 2117; x_wconf 85' lang='lat' dir='ltr'>quaedam</span> <span class='ocrx_word' id='word_1_106' title='bbox 773 2030 961 2113; x_wconf 85' lang='lat' dir='ltr'>maioraque</span> <span class='ocrx_word' id='word_1_107' title='bbox 984 2027 1113 2107; x_wconf 89' lang='lat' dir='ltr'>debent,</span> 
     </span>
     <span class='ocr_line' id='line_1_17' title="bbox 131 2132 1050 2220; baseline -0.004 -21"><span class='ocrx_word' id='word_1_108' title='bbox 131 2165 156 2174; x_wconf 85' lang='lat'>·-</span> <span class='ocrx_word' id='word_1_109' title='bbox 234 2156 303 2199; x_wconf 88' lang='lat' dir='ltr'>esse</span> <span class='ocrx_word' id='word_1_110' title='bbox 324 2134 484 2220; x_wconf 82' lang='lat' dir='ltr'>triquetra</span> <span class='ocrx_word' id='word_1_111' title='bbox 505 2134 584 2212; x_wconf 86' lang='lat' dir='ltr'>aliis,</span> <span class='ocrx_word' id='word_1_112' title='bbox 607 2133 679 2197; x_wconf 87' lang='lat' dir='ltr'>aliis</span> <span class='ocrx_word' id='word_1_113' title='bbox 700 2132 861 2218; x_wconf 87' lang='lat' dir='ltr'>quadrata</span> <span class='ocrx_word' id='word_1_114' title='bbox 881 2139 1050 2208; x_wconf 86' lang='lat' dir='ltr'>necessest,</span> 
     </span>
     <span class='ocr_line' id='line_1_18' title="bbox 233 2236 1184 2323; baseline 0.001 -21"><span class='ocrx_word' id='word_1_115' title='bbox 233 2239 339 2302; x_wconf 88' lang='lat' dir='ltr'>multa</span> <span class='ocrx_word' id='word_1_116' title='bbox 359 2237 510 2313; x_wconf 78' lang='lat' dir='ltr'>rutunda,</span> <span class='ocrx_word' id='word_1_117' title='bbox 533 2237 637 2302; x_wconf 89' lang='lat' dir='ltr'>modis</span> <span class='ocrx_word' id='word_1_118' title='bbox 659 2237 771 2301; x_wconf 88' lang='lat' dir='ltr'>multis</span> <span class='ocrx_word' id='word_1_119' title='bbox 793 2237 997 2321; x_wconf 85' lang='lat' dir='ltr'>multangula</span> <span class='ocrx_word' id='word_1_120' title='bbox 1017 2236 1184 2323; x_wconf 82' lang='lat' dir='ltr'>quaedam</span> 
     </span>
     <span class='ocr_line' id='line_1_19' title="bbox 233 2341 1300 2427; baseline 0.001 -21"><span class='ocrx_word' id='word_1_121' title='bbox 233 2363 376 2426; x_wconf 89' lang='lat' dir='ltr'>namque</span> <span class='ocrx_word' id='word_1_122' title='bbox 397 2341 573 2427; x_wconf 87' lang='lat' dir='ltr'>figurarum</span> <span class='ocrx_word' id='word_1_123' title='bbox 595 2341 677 2405; x_wconf 89' lang='lat' dir='ltr'>ratio</span> <span class='ocrx_word' id='word_1_124' title='bbox 699 2348 738 2404; x_wconf 92' lang='lat' dir='ltr'>ut</span> <span class='ocrx_word' id='word_1_125' title='bbox 760 2349 932 2424; x_wconf 87' lang='lat' dir='ltr'>motusque</span> <span class='ocrx_word' id='word_1_126' title='bbox 954 2350 1134 2426; x_wconf 89' lang='lat' dir='ltr'>reposcunt,</span> <span class='ocrx_word' id='word_1_127' title='bbox 1239 2344 1300 2427; x_wconf 90' lang='grc'>655</span> 
     </span>
     <span class='ocr_line' id='line_1_20' title="bbox 166 2443 1045 2531; baseline -0.002 -21"><span class='ocrx_word' id='word_1_128' title='bbox 166 2461 169 2466; x_wconf 73' lang='grc'>“</span> <span class='ocrx_word' id='word_1_129' title='bbox 234 2445 368 2531; x_wconf 87' lang='lat' dir='ltr'>proinde</span> <span class='ocrx_word' id='word_1_130' title='bbox 389 2443 601 2509; x_wconf 82' lang='lat' dir='ltr'>foraminibus</span> <span class='ocrx_word' id='word_1_131' title='bbox 623 2443 744 2509; x_wconf 89' lang='lat' dir='ltr'>debent</span> <span class='ocrx_word' id='word_1_132' title='bbox 765 2444 893 2510; x_wconf 87' lang='lat' dir='ltr'>differre</span> <span class='ocrx_word' id='word_1_133' title='bbox 915 2444 1045 2530; x_wconf 87' lang='lat' dir='ltr'>figurae,</span> 
     </span>
     <span class='ocr_line' id='line_1_21' title="bbox 236 2550 1031 2636; baseline -0.001 -20"><span class='ocrx_word' id='word_1_134' title='bbox 236 2561 270 2617; x_wconf 89' lang='lat' dir='ltr'>et</span> <span class='ocrx_word' id='word_1_135' title='bbox 291 2552 415 2616; x_wconf 86' lang='lat' dir='ltr'>variare</span> <span class='ocrx_word' id='word_1_136' title='bbox 437 2550 508 2615; x_wconf 86' lang='lat' dir='ltr'>viae</span> <span class='ocrx_word' id='word_1_137' title='bbox 530 2550 665 2636; x_wconf 86' lang='lat' dir='ltr'>proinde</span> <span class='ocrx_word' id='word_1_138' title='bbox 687 2572 725 2615; x_wconf 85' lang='lat' dir='ltr'>ac</span> <span class='ocrx_word' id='word_1_139' title='bbox 746 2559 879 2615; x_wconf 85' lang='lat' dir='ltr'>textura</span> <span class='ocrx_word' id='word_1_140' title='bbox 901 2558 1031 2615; x_wconf 80' lang='lat' dir='ltr'>coercet</span> 
     </span>
     <span class='ocr_line' id='line_1_22' title="bbox 235 2651 1101 2739; baseline -0.002 -20"><span class='ocrx_word' id='word_1_141' title='bbox 235 2655 297 2719; x_wconf 91' lang='lat' dir='ltr'>hoc</span> <span class='ocrx_word' id='word_1_142' title='bbox 317 2655 375 2718; x_wconf 91' lang='lat' dir='ltr'>ubi</span> <span class='ocrx_word' id='word_1_143' title='bbox 397 2652 483 2739; x_wconf 92' lang='lat' dir='ltr'>quod</span> <span class='ocrx_word' id='word_1_144' title='bbox 505 2675 603 2718; x_wconf 81' lang='lat' dir='ltr'>suave</span> <span class='ocrx_word' id='word_1_145' title='bbox 627 2661 676 2717; x_wconf 90' lang='lat' dir='ltr'>est</span> <span class='ocrx_word' id='word_1_146' title='bbox 698 2652 770 2717; x_wconf 88' lang='lat' dir='ltr'>aliis</span> <span class='ocrx_word' id='word_1_147' title='bbox 792 2653 863 2716; x_wconf 87' lang='lat' dir='ltr'>aliis</span> <span class='ocrx_word' id='word_1_148' title='bbox 884 2651 924 2717; x_wconf 90' lang='lat' dir='ltr'>fit</span> <span class='ocrx_word' id='word_1_149' title='bbox 946 2675 1101 2731; x_wconf 85' lang='lat' dir='ltr'>amarum,</span> 
     </span>
     <span class='ocr_line' id='line_1_23' title="bbox 236 2755 1049 2841; baseline 0 -19"><span class='ocrx_word' id='word_1_150' title='bbox 236 2757 293 2836; x_wconf 88' lang='lat' dir='ltr'>illi,</span> <span class='ocrx_word' id='word_1_151' title='bbox 315 2757 368 2822; x_wconf 90' lang='lat' dir='ltr'>cui</span> <span class='ocrx_word' id='word_1_152' title='bbox 390 2779 488 2821; x_wconf 87' lang='lat' dir='ltr'>suave</span> <span class='ocrx_word' id='word_1_153' title='bbox 510 2765 568 2835; x_wconf 89' lang='lat' dir='ltr'>est,</span> <span class='ocrx_word' id='word_1_154' title='bbox 591 2756 755 2821; x_wconf 87' lang='lat' dir='ltr'>levissima</span> <span class='ocrx_word' id='word_1_155' title='bbox 776 2778 908 2841; x_wconf 86' lang='lat' dir='ltr'>corpora</span> <span class='ocrx_word' id='word_1_156' title='bbox 929 2755 1049 2822; x_wconf 87' lang='lat' dir='ltr'>debent</span> 
     </span>
     <span class='ocr_line' id='line_1_24' title="bbox 146 2859 1307 2944; baseline 0.003 -20"><span class='ocrx_word' id='word_1_157' title='bbox 146 2889 181 2900; x_wconf 81' lang='lat'>·-</span> <span class='ocrx_word' id='word_1_158' title='bbox 236 2859 508 2925; x_wconf 79' lang='lat' dir='ltr'>contractabiliter</span> <span class='ocrx_word' id='word_1_159' title='bbox 529 2860 637 2924; x_wconf 89' lang='lat' dir='ltr'>caulas</span> <span class='ocrx_word' id='word_1_160' title='bbox 659 2860 781 2924; x_wconf 88' lang='lat' dir='ltr'>intrare</span> <span class='ocrx_word' id='word_1_161' title='bbox 803 2859 913 2944; x_wconf 85' lang='lat' dir='ltr'>palati,</span> <span class='ocrx_word' id='word_1_162' title='bbox 1241 2861 1307 2928; x_wconf 91' lang='lat'>660</span> 
     </span>
     <span class='ocr_line' id='line_1_25' title="bbox 237 2961 1080 3047; baseline 0 -20"><span class='ocrx_word' id='word_1_163' title='bbox 237 2970 273 3027; x_wconf 85' lang='lat' dir='ltr'>at</span> <span class='ocrx_word' id='word_1_164' title='bbox 293 2971 407 3027; x_wconf 86' lang='lat' dir='ltr'>eontra</span> <span class='ocrx_word' id='word_1_165' title='bbox 426 2962 544 3047; x_wconf 90' lang='lat' dir='ltr'>quibus</span> <span class='ocrx_word' id='word_1_166' title='bbox 567 2971 617 3027; x_wconf 92' lang='lat' dir='ltr'>est</span> <span class='ocrx_word' id='word_1_167' title='bbox 639 2961 753 3026; x_wconf 86' lang='lat' dir='ltr'>eadem</span> <span class='ocrx_word' id='word_1_168' title='bbox 776 2984 826 3027; x_wconf 91' lang='lat' dir='ltr'>res</span> <span class='ocrx_word' id='word_1_169' title='bbox 848 2962 937 3026; x_wconf 86' lang='lat' dir='ltr'>intus</span> <span class='ocrx_word' id='word_1_170' title='bbox 959 2963 1080 3042; x_wconf 86' lang='lat' dir='ltr'>acerba,</span> 
     </span>
     <span class='ocr_line' id='line_1_26' title="bbox 237 3064 1078 3150; baseline 0.002 -23"><span class='ocrx_word' id='word_1_171' title='bbox 237 3086 352 3150; x_wconf 86' lang='lat' dir='ltr'>aspera</span> <span class='ocrx_word' id='word_1_172' title='bbox 372 3064 528 3130; x_wconf 90' lang='lat' dir='ltr'>nimirum</span> <span class='ocrx_word' id='word_1_173' title='bbox 550 3072 725 3149; x_wconf 87' lang='lat' dir='ltr'>penetrant</span> <span class='ocrx_word' id='word_1_174' title='bbox 746 3064 942 3149; x_wconf 79' lang='lat' dir='ltr'>hamataque</span> <span class='ocrx_word' id='word_1_175' title='bbox 963 3064 1078 3129; x_wconf 83' lang='lat' dir='ltr'>fauces</span> 
     </span>
     <span class='ocr_line' id='line_1_27' title="bbox 237 3169 1154 3254; baseline 0.001 -21"><span class='ocrx_word' id='word_1_176' title='bbox 237 3191 325 3234; x_wconf 90' lang='lat' dir='ltr'>nunc</span> <span class='ocrx_word' id='word_1_177' title='bbox 347 3169 439 3233; x_wconf 86' lang='lat' dir='ltr'>facile</span> <span class='ocrx_word' id='word_1_178' title='bbox 462 3178 512 3234; x_wconf 90' lang='lat' dir='ltr'>est</span> <span class='ocrx_word' id='word_1_179' title='bbox 534 3192 574 3234; x_wconf 83' lang='lat' dir='ltr'>ex</span> <span class='ocrx_word' id='word_1_180' title='bbox 595 3170 647 3233; x_wconf 91' lang='lat' dir='ltr'>his</span> <span class='ocrx_word' id='word_1_181' title='bbox 669 3169 766 3234; x_wconf 91' lang='lat' dir='ltr'>rebus</span> <span class='ocrx_word' id='word_1_182' title='bbox 788 3189 977 3254; x_wconf 82' lang='lat' dir='ltr'>cognoscere</span> <span class='ocrx_word' id='word_1_183' title='bbox 998 3189 1154 3253; x_wconf 91' lang='lat' dir='ltr'>quaeque.</span> 
     </span>
     <span class='ocr_line' id='line_1_28' title="bbox 239 3274 1107 3360; baseline -0.003 -21"><span class='ocrx_word' id='word_1_184' title='bbox 239 3275 358 3360; x_wconf 87' lang='lat' dir='ltr'>quippe</span> <span class='ocrx_word' id='word_1_185' title='bbox 380 3274 438 3338; x_wconf 92' lang='lat' dir='ltr'>ubi</span> <span class='ocrx_word' id='word_1_186' title='bbox 459 3274 512 3339; x_wconf 86' lang='lat' dir='ltr'>oui</span> <span class='ocrx_word' id='word_1_187' title='bbox 533 3274 631 3339; x_wconf 86' lang='lat' dir='ltr'>febris</span> <span class='ocrx_word' id='word_1_188' title='bbox 652 3274 711 3339; x_wconf 89' lang='lat' dir='ltr'>bili</span> <span class='ocrx_word' id='word_1_189' title='bbox 732 3280 907 3358; x_wconf 88' lang='lat' dir='ltr'>superante</span> <span class='ocrx_word' id='word_1_190' title='bbox 928 3280 1036 3336; x_wconf 85' lang='lat' dir='ltr'>coorta</span> <span class='ocrx_word' id='word_1_191' title='bbox 1057 3280 1107 3337; x_wconf 88' lang='lat' dir='ltr'>est</span> 
     </span>
     <span class='ocr_line' id='line_1_29' title="bbox 239 3375 1305 3462; baseline 0.002 -21"><span class='ocrx_word' id='word_1_192' title='bbox 239 3384 297 3441; x_wconf 85' lang='lat' dir='ltr'>aut</span> <span class='ocrx_word' id='word_1_193' title='bbox 318 3376 383 3440; x_wconf 86' lang='lat' dir='ltr'>alia</span> <span class='ocrx_word' id='word_1_194' title='bbox 403 3375 528 3441; x_wconf 89' lang='lat' dir='ltr'>ratione</span> <span class='ocrx_word' id='word_1_195' title='bbox 550 3375 690 3462; x_wconf 79' lang='lat' dir='ltr'>aliquast</span> <span class='ocrx_word' id='word_1_196' title='bbox 712 3376 761 3440; x_wconf 85' lang='lat' dir='ltr'>vis</span> <span class='ocrx_word' id='word_1_197' title='bbox 784 3376 892 3441; x_wconf 84' lang='lat' dir='ltr'>excita</span> <span class='ocrx_word' id='word_1_198' title='bbox 912 3375 1025 3452; x_wconf 90' lang='lat' dir='ltr'>morbi,</span> <span class='ocrx_word' id='word_1_199' title='bbox 1243 3377 1305 3460; x_wconf 90' lang='grc'>665</span> 
     </span>
     <span class='ocr_line' id='line_1_30' title="bbox 237 3480 1060 3565; baseline -0.001 -21"><span class='ocrx_word' id='word_1_200' title='bbox 237 3482 447 3565; x_wconf 82' lang='lat' dir='ltr'>perturbatur</span> <span class='ocrx_word' id='word_1_201' title='bbox 467 3480 513 3546; x_wconf 90' lang='lat' dir='ltr'>ibi</span> <span class='ocrx_word' id='word_1_202' title='bbox 535 3481 602 3545; x_wconf 87' lang='lat' dir='ltr'>iarn</span> <span class='ocrx_word' id='word_1_203' title='bbox 624 3488 731 3546; x_wconf 86' lang='lat' dir='ltr'>totum</span> <span class='ocrx_word' id='word_1_204' title='bbox 754 3501 869 3565; x_wconf 88' lang='lat' dir='ltr'>corpus</span> <span class='ocrx_word' id='word_1_205' title='bbox 891 3487 927 3544; x_wconf 88' lang='lat' dir='ltr'>et</span> <span class='ocrx_word' id='word_1_206' title='bbox 948 3500 1060 3543; x_wconf 91' lang='lat' dir='ltr'>omnes</span> 
     </span>
     <span class='ocr_line' id='line_1_31' title="bbox 241 3582 1008 3671; baseline -0.001 -23"><span class='ocrx_word' id='word_1_207' title='bbox 241 3593 483 3650; x_wconf 86' lang='lat' dir='ltr'>commutantur</span> <span class='ocrx_word' id='word_1_208' title='bbox 504 3585 550 3650; x_wconf 93' lang='lat' dir='ltr'>ibi</span> <span class='ocrx_word' id='word_1_209' title='bbox 571 3584 735 3671; x_wconf 87' lang='lat' dir='ltr'>positurae</span> <span class='ocrx_word' id='word_1_210' title='bbox 756 3582 1008 3670; x_wconf 68' lang='lat' dir='ltr'>principiorum</span> 
     </span>
    </p>
   </div>
   <div class='ocr_carea' id='block_1_2' title="bbox 150 3814 1313 4457">
    <p class='ocr_par' dir='ltr' id='par_1_2' title="bbox 150 3814 1313 4457">
     <span class='ocr_line' id='line_1_32' title="bbox 150 3814 1309 3883; baseline -0.002 -13"><span class='ocrx_word' id='word_1_211' title='bbox 150 3817 248 3878; x_wconf 71' lang='lat' dir='ltr'>Lech-3</span> <span class='ocrx_word' id='word_1_212' title='bbox 265 3816 312 3868; x_wconf 78' lang='lat' dir='ltr'>bnt</span> <span class='ocrx_word' id='word_1_213' title='bbox 322 3819 412 3869; x_wconf 72' lang='grc' dir='ltr'>ιιηὶσω</span> <span class='ocrx_word' id='word_1_214' title='bbox 422 3816 446 3868; x_wconf 86' lang='lat' dir='ltr'>is</span> <span class='ocrx_word' id='word_1_215' title='bbox 457 3820 504 3868; x_wconf 88' lang='lat' dir='ltr'>not</span> <span class='ocrx_word' id='word_1_216' title='bbox 515 3819 542 3868; x_wconf 84' lang='lat' dir='ltr'>at</span> <span class='ocrx_word' id='word_1_217' title='bbox 553 3818 589 3868; x_wconf 85' lang='lat' dir='ltr'>all</span> <span class='ocrx_word' id='word_1_218' title='bbox 600 3817 772 3882; x_wconf 79' lang='lat' dir='ltr'>appropriate.</span> <span class='ocrx_word' id='word_1_219' title='bbox 871 3817 920 3868; x_wconf 91' lang='grc'>636</span> <span class='ocrx_word' id='word_1_220' title='bbox 936 3819 964 3867; x_wconf 78' lang='lat' dir='ltr'>in</span> <span class='ocrx_word' id='word_1_221' title='bbox 974 3814 1057 3867; x_wconf 75' lang='lat' dir='ltr'>added</span> <span class='ocrx_word' id='word_1_222' title='bbox 1073 3815 1107 3881; x_wconf 82' lang='lat' dir='ltr'>by</span> <span class='ocrx_word' id='word_1_223' title='bbox 1118 3817 1219 3868; x_wconf 88' lang='lat' dir='ltr'>Nonius</span> <span class='ocrx_word' id='word_1_224' title='bbox 1229 3834 1256 3883; x_wconf 87' lang='lat' dir='ltr'>p.</span> <span class='ocrx_word' id='word_1_225' title='bbox 1267 3821 1309 3883; x_wconf 82' lang='grc'>95,</span> 
     </span>
     <span class='ocr_line' id='line_1_33' title="bbox 152 3899 1265 3964; baseline 0 -12"><span class='ocrx_word' id='word_1_226' title='bbox 152 3900 206 3953; x_wconf 74' lang='lat' dir='ltr'>and</span> <span class='ocrx_word' id='word_1_227' title='bbox 217 3909 252 3951; x_wconf 72' lang='lat' dir='ltr'>est</span> <span class='ocrx_word' id='word_1_228' title='bbox 263 3903 290 3951; x_wconf 80' lang='lat' dir='ltr'>st</span> <span class='ocrx_word' id='word_1_229' title='bbox 301 3900 352 3951; x_wconf 87' lang='lat' dir='ltr'>end</span> <span class='ocrx_word' id='word_1_230' title='bbox 362 3902 390 3950; x_wconf 80' lang='lat' dir='ltr'>ol</span> <span class='ocrx_word' id='word_1_231' title='bbox 405 3916 478 3951; x_wconf 82' lang='lat' dir='ltr'>verse</span> <span class='ocrx_word' id='word_1_232' title='bbox 488 3901 584 3964; x_wconf 79' lang='lat' dir='ltr'>rightly</span> <span class='ocrx_word' id='word_1_233' title='bbox 595 3916 647 3950; x_wconf 86' lang='lat' dir='ltr'>om.</span> <span class='ocrx_word' id='word_1_234' title='bbox 658 3901 692 3964; x_wconf 82' lang='lat' dir='ltr'>by</span> <span class='ocrx_word' id='word_1_235' title='bbox 703 3900 749 3950; x_wconf 78' lang='lat' dir='ltr'>the</span> <span class='ocrx_word' id='word_1_236' title='bbox 761 3912 841 3949; x_wconf 81' lang='lat' dir='ltr'>same.</span> <span class='ocrx_word' id='word_1_237' title='bbox 940 3901 988 3951; x_wconf 88' lang='grc'>637</span> <span class='ocrx_word' id='word_1_238' title='bbox 1005 3899 1135 3949; x_wconf 68' lang='lat' dir='ltr'>erlibach.</span> <span class='ocrx_word' id='word_1_239' title='bbox 1147 3900 1265 3952; x_wconf 76' lang='lat' dir='ltr'>toreliis.</span> 
     </span>
     <span class='ocr_line' id='line_1_34' title="bbox 188 3981 1310 4045; baseline -0.001 -13"><span class='ocrx_word' id='word_1_240' title='bbox 188 3983 237 4033; x_wconf 87' lang='grc'>638</span> <span class='ocrx_word' id='word_1_241' title='bbox 252 3984 315 4031; x_wconf 76' lang='lat' dir='ltr'>Esse</span> <span class='ocrx_word' id='word_1_242' title='bbox 324 3984 364 4031; x_wconf 78' lang='lat' dir='ltr'>ito</span> <span class='ocrx_word' id='word_1_243' title='bbox 375 3985 431 4045; x_wconf 79' lang='lat' dir='ltr'>quit</span> <span class='ocrx_word' id='word_1_244' title='bbox 441 3998 539 4045; x_wconf 67' lang='lat' dir='ltr'>serpere</span> <span class='ocrx_word' id='word_1_245' title='bbox 551 3981 601 4030; x_wconf 85' lang='lat' dir='ltr'>Ed.</span> <span class='ocrx_word' id='word_1_246' title='bbox 614 3982 654 4031; x_wconf 83' lang='lat' dir='ltr'>lor</span> <span class='ocrx_word' id='word_1_247' title='bbox 664 3984 713 4031; x_wconf 78' lang='lat' dir='ltr'>Est</span> <span class='ocrx_word' id='word_1_248' title='bbox 723 3984 810 4043; x_wconf 70' lang='lat' dir='ltr'>itaque</span> <span class='ocrx_word' id='word_1_249' title='bbox 820 3987 849 4030; x_wconf 77' lang='lat' dir='ltr'>ut</span> <span class='ocrx_word' id='word_1_250' title='bbox 860 3995 966 4043; x_wconf 68' lang='lat' dir='ltr'>serpen.</span> <span class='ocrx_word' id='word_1_251' title='bbox 998 3982 1047 4030; x_wconf 78' lang='lat' dir='ltr'>Est</span> <span class='ocrx_word' id='word_1_252' title='bbox 1058 3983 1161 4044; x_wconf 77' lang='lat' dir='ltr'>aliquae</span> <span class='ocrx_word' id='word_1_253' title='bbox 1171 3988 1200 4031; x_wconf 77' lang='lat' dir='ltr'>ot</span> <span class='ocrx_word' id='word_1_254' title='bbox 1211 3997 1310 4045; x_wconf 71' lang='lat' dir='ltr'>rupem</span> 
     </span>
     <span class='ocr_line' id='line_1_35' title="bbox 151 4060 1268 4126; baseline -0.002 -12"><span class='ocrx_word' id='word_1_255' title='bbox 151 4061 235 4116; x_wconf 69' lang='lat' dir='ltr'>nan</span> <span class='ocrx_word' id='word_1_256' title='bbox 267 4064 414 4126; x_wconf 70' lang='lat' dir='ltr'>lictorique</span> <span class='ocrx_word' id='word_1_257' title='bbox 425 4070 454 4112; x_wconf 76' lang='lat' dir='ltr'>ut</span> <span class='ocrx_word' id='word_1_258' title='bbox 465 4078 485 4111; x_wconf 77' lang='lat' dir='ltr'>c.</span> <span class='ocrx_word' id='word_1_259' title='bbox 498 4063 562 4112; x_wconf 81' lang='lat' dir='ltr'>liar.</span> <span class='ocrx_word' id='word_1_260' title='bbox 574 4064 649 4112; x_wconf 84' lang='lat' dir='ltr'>Junt.</span> <span class='ocrx_word' id='word_1_261' title='bbox 664 4063 758 4112; x_wconf 85' lang='lat' dir='ltr'>Lamb.</span> <span class='ocrx_word' id='word_1_262' title='bbox 769 4062 809 4112; x_wconf 89' lang='lat' dir='ltr'>ed.</span> <span class='ocrx_word' id='word_1_263' title='bbox 821 4064 845 4112; x_wconf 89' lang='grc'>3.</span> <span class='ocrx_word' id='word_1_264' title='bbox 880 4063 960 4124; x_wconf 80' lang='lat' dir='ltr'>Saepe</span> <span class='ocrx_word' id='word_1_265' title='bbox 971 4064 1060 4110; x_wconf 70' lang='lat' dir='ltr'>omnim</span> <span class='ocrx_word' id='word_1_266' title='bbox 1070 4077 1090 4110; x_wconf 80' lang='lat' dir='ltr'>s.</span> <span class='ocrx_word' id='word_1_267' title='bbox 1102 4060 1142 4111; x_wconf 88' lang='lat' dir='ltr'>ed.</span> <span class='ocrx_word' id='word_1_268' title='bbox 1156 4062 1169 4109; x_wconf 97' lang='lat'>1</span> <span class='ocrx_word' id='word_1_269' title='bbox 1181 4062 1234 4112; x_wconf 84' lang='lat' dir='ltr'>and</span> <span class='ocrx_word' id='word_1_270' title='bbox 1244 4065 1268 4113; x_wconf 80' lang='lat'>2.</span> 
     </span>
     <span class='ocr_line' id='line_1_36' title="bbox 188 4143 1311 4207; baseline 0 -13"><span class='ocrx_word' id='word_1_271' title='bbox 188 4143 236 4194; x_wconf 78' lang='grc'>641</span> <span class='ocrx_word' id='word_1_272' title='bbox 252 4151 361 4194; x_wconf 69' lang='lat' dir='ltr'>cotum:</span> <span class='ocrx_word' id='word_1_273' title='bbox 379 4151 489 4193; x_wconf 75' lang='lat' dir='ltr'>coctum.</span> <span class='ocrx_word' id='word_1_274' title='bbox 500 4144 531 4201; x_wconf 83' lang='lat' dir='ltr'>A,</span> <span class='ocrx_word' id='word_1_275' title='bbox 540 4145 607 4207; x_wconf 79' lang='lat' dir='ltr'>quod</span> <span class='ocrx_word' id='word_1_276' title='bbox 618 4151 684 4193; x_wconf 78' lang='lat' dir='ltr'>tum.</span> <span class='ocrx_word' id='word_1_277' title='bbox 696 4144 728 4193; x_wconf 88' lang='grc' dir='ltr'>Β.</span> <span class='ocrx_word' id='word_1_278' title='bbox 827 4143 875 4193; x_wconf 76' lang='grc'>642</span> <span class='ocrx_word' id='word_1_279' title='bbox 895 4145 928 4192; x_wconf 82' lang='lat' dir='ltr'>Ut</span> <span class='ocrx_word' id='word_1_280' title='bbox 939 4146 1027 4206; x_wconf 74' lang='lat' dir='ltr'>quibus</span> <span class='ocrx_word' id='word_1_281' title='bbox 1039 4145 1067 4192; x_wconf 75' lang='lat' dir='ltr'>ld</span> <span class='ocrx_word' id='word_1_282' title='bbox 1077 4143 1168 4193; x_wconf 79' lang='lat' dir='ltr'>Lamb.</span> <span class='ocrx_word' id='word_1_283' title='bbox 1180 4143 1220 4193; x_wconf 84' lang='lat' dir='ltr'>od.</span> <span class='ocrx_word' id='word_1_284' title='bbox 1232 4143 1311 4194; x_wconf 60' lang='lat' dir='ltr'>land</span> 
     </span>
     <span class='ocr_line' id='line_1_37' title="bbox 152 4223 1311 4290; baseline -0.003 -12"><span class='ocrx_word' id='word_1_285' title='bbox 152 4231 170 4278; x_wconf 86' lang='grc'>3</span> <span class='ocrx_word' id='word_1_286' title='bbox 188 4227 229 4277; x_wconf 81' lang='lat' dir='ltr'>lor</span> <span class='ocrx_word' id='word_1_287' title='bbox 243 4228 278 4276; x_wconf 84' lang='lat' dir='ltr'>Id</span> <span class='ocrx_word' id='word_1_288' title='bbox 293 4228 384 4290; x_wconf 74' lang='lat' dir='ltr'>quidm</span> <span class='ocrx_word' id='word_1_289' title='bbox 400 4233 438 4275; x_wconf 81' lang='lat' dir='ltr'>ut.</span> <span class='ocrx_word' id='word_1_290' title='bbox 544 4228 592 4277; x_wconf 77' lang='lat'>648</span> <span class='ocrx_word' id='word_1_291' title='bbox 609 4234 640 4276; x_wconf 74' lang='lat' dir='ltr'>et.</span> <span class='ocrx_word' id='word_1_292' title='bbox 674 4242 704 4276; x_wconf 71' lang='lat' dir='ltr'>ez</span> <span class='ocrx_word' id='word_1_293' title='bbox 721 4223 1035 4275; x_wconf 55' lang='lat' dir='ltr'>transmutantes</span> <span class='ocrx_word' id='word_1_294' title='bbox 1053 4225 1066 4272; x_wconf 96' lang='lat'>1</span> <span class='ocrx_word' id='word_1_295' title='bbox 1079 4223 1157 4274; x_wconf 70' lang='lat' dir='ltr'>ands</span> <span class='ocrx_word' id='word_1_296' title='bbox 1172 4224 1251 4273; x_wconf 80' lang='lat' dir='ltr'>Lech.</span> <span class='ocrx_word' id='word_1_297' title='bbox 1263 4224 1311 4274; x_wconf 83' lang='lat' dir='ltr'>bnt</span> 
     </span>
     <span class='ocr_line' id='line_1_38' title="bbox 152 4304 1312 4372; baseline -0.004 -13"><span class='ocrx_word' id='word_1_298' title='bbox 152 4315 179 4360; x_wconf 76' lang='lat' dir='ltr'>et</span> <span class='ocrx_word' id='word_1_299' title='bbox 190 4306 256 4357; x_wconf 73' lang='lat' dir='ltr'>Mar.</span> <span class='ocrx_word' id='word_1_300' title='bbox 288 4309 536 4358; x_wconf 65' lang='lat' dir='ltr'>emunctorium</span> <span class='ocrx_word' id='word_1_301' title='bbox 545 4310 633 4372; x_wconf 62' lang='lat' dir='ltr'>figura</span> <span class='ocrx_word' id='word_1_302' title='bbox 649 4307 728 4358; x_wconf 73' lang='lat' dir='ltr'>Irach.</span> <span class='ocrx_word' id='word_1_303' title='bbox 739 4307 780 4356; x_wconf 81' lang='lat' dir='ltr'>lor</span> <span class='ocrx_word' id='word_1_304' title='bbox 796 4312 911 4356; x_wconf 75' lang='lat' dir='ltr'>constant</span> <span class='ocrx_word' id='word_1_305' title='bbox 926 4308 1076 4366; x_wconf 56' lang='lat' dir='ltr'>vastantque</span> <span class='ocrx_word' id='word_1_306' title='bbox 1087 4306 1182 4367; x_wconf 65' lang='lat' dir='ltr'>flaura.</span> <span class='ocrx_word' id='word_1_307' title='bbox 1215 4304 1312 4354; x_wconf 74' lang='lat' dir='ltr'>distant</span> 
     </span>
     <span class='ocr_line' id='line_1_39' title="bbox 152 4382 1313 4457; baseline -0.009 -11"><span class='ocrx_word' id='word_1_308' title='bbox 152 4395 306 4456; x_wconf 65' lang='lat' dir='ltr'>vastarique</span> <span class='ocrx_word' id='word_1_309' title='bbox 317 4393 407 4457; x_wconf 71' lang='lat' dir='ltr'>staura</span> <span class='ocrx_word' id='word_1_310' title='bbox 417 4391 509 4442; x_wconf 77' lang='lat' dir='ltr'>Lsmb.</span> <span class='ocrx_word' id='word_1_311' title='bbox 521 4390 561 4442; x_wconf 88' lang='lat' dir='ltr'>ed.</span> <span class='ocrx_word' id='word_1_312' title='bbox 577 4393 602 4441; x_wconf 88' lang='grc'>3.</span> <span class='ocrx_word' id='word_1_313' title='bbox 701 4391 750 4441; x_wconf 86' lang='grc'>666</span> <span class='ocrx_word' id='word_1_314' title='bbox 764 4397 796 4438; x_wconf 78' lang='lat' dir='ltr'>ut</span> <span class='ocrx_word' id='word_1_315' title='bbox 806 4387 889 4438; x_wconf 80' lang='lat' dir='ltr'>added</span> <span class='ocrx_word' id='word_1_316' title='bbox 903 4387 937 4450; x_wconf 80' lang='lat' dir='ltr'>by</span> <span class='ocrx_word' id='word_1_317' title='bbox 947 4386 1017 4436; x_wconf 84' lang='lat' dir='ltr'>Flor.</span> <span class='ocrx_word' id='word_1_318' title='bbox 1026 4385 1057 4434; x_wconf 86' lang='grc'>61</span> <span class='ocrx_word' id='word_1_319' title='bbox 1075 4382 1164 4435; x_wconf 78' lang='lat' dir='ltr'>camb.</span> <span class='ocrx_word' id='word_1_320' title='bbox 1175 4383 1241 4433; x_wconf 76' lang='lat' dir='ltr'>Mar.</span> <span class='ocrx_word' id='word_1_321' title='bbox 1278 4384 1313 4435; x_wconf 78' lang='lat' dir='ltr'>Ut</span> 
     </span>
    </p>
   </div>
   <div class='ocr_carea' id='block_1_3' title="bbox 0 0 1576 4984">
    <p class='ocr_par' dir='ltr' id='par_1_3' title="bbox 0 0 1576 4984">
     <span class='ocr_line' id='line_1_40' title="bbox 0 0 1576 4984; baseline 0 0"><span class='ocrx_word' id='word_1_322' title='bbox 0 0 1576 4984; x_wconf 95' lang='lat' dir='ltr'> </span> 
     </span>
    </p>
   </div>
  </div>
 </body>
</html>
