3092 4984
719 243 755 308 11

205 409 211 415 '
235 396 298 464 sed
319 396 419 462 variis
439 395 554 463 formis
574 396 739 463 variantes
759 396 856 463 edere
877 406 993 464 tactus

283 501 456 567 Piueterea
476 500 633 587 quoniam
653 523 720 567 non
741 498 839 568 certis
860 511 951 569 certe
971 502 1084 589 figuris

236 613 292 670 est
312 612 432 670 natura
452 603 567 670 coloris
589 612 624 670 et
644 604 756 669 omnia
776 604 1008 692 principiomm

235 707 457 774 formamenta
478 717 606 795 queunt
626 706 663 772 in
684 707 799 795 quovis
820 730 890 774 0000
911 709 1026 793 nitore,

236 831 298 875 cur
319 832 465 897 eaquae
486 818 637 876 constant
658 832 699 876 ex
720 809 786 876 illis
807 832 874 876 non
895 812 1017 897 puriter
1037 819 1115 877 sunt
1250 811 1316 877 820

236 935 338 979 omne
358 936 462 1000 genus
482 913 614 1001 perfusa
635 913 796 981 coloribus
817 915 852 979 in
873 937 992 1000 genere
1014 914 1126 981 omnit
1453 894 1460 911 ’

237 1016 454 1082 conveniebat
476 1015 565 1083 enim
587 1038 697 1111 cogvos
718 1038 848 1104 quoque
869 1038 966 1103 saepe
986 1016 1126 1082 volantis

236 1141 282 1184 ex
306 1118 390 1184 ubis
414 1119 527 1185 album
548 1116 659 1205 pinnis
682 1119 803 1184 iactare
828 1119 975 1195 colorem,

236 1229 275 1286 et
299 1221 409 1307 nigros
433 1220 505 1287 fieri
529 1221 622 1308 nigro
645 1222 687 1288 de
710 1221 834 1288 semine
857 1244 973 1309 cycnos

235 1333 299 1390 aut
321 1325 385 1391 aiio
410 1326 526 1412 quovis
549 1348 617 1391 uno
641 1324 796 1413 varioque
821 1327 933 1393 colore
1248 1327 1309 1413 825

282 1428 372 1508 Quin
393 1429 495 1495 etiem
516 1439 640 1517 quanto
662 1431 698 1495 in
719 1439 829 1517 partes
849 1453 901 1497 res
922 1453 1071 1520 quaeque
1092 1430 1238 1497 minutas

237 1530 1182 1621 diumbitmmagmhoemegiseetutcemerepoesis

237 1655 429 1701 evanescere
450 1635 611 1722 paulatim
632 1635 821 1723 stinguique
842 1638 1000 1717 colorem

239 1739 1138 1827 utfitubiinpurvuspnrtisdiseerpitmaustrum:

237 1864 385 1929 purpura
404 1844 642 1930 poeniceusque
662 1842 750 1908 color
771 1842 961 1908 clauissimu’
982 1842 1096 1918 multo,
1249 1841 1315 1921 830

238 1945 357 2011 filatim
379 1967 454 2010 cum
476 1945 669 2011 mucetum
691 1954 751 2023 est,
774 1943 976 2032 dispergitur
997 1942 1121 2022 omnis3

237 2070 372 2137 noscere
392 2057 432 2114 ut
452 2049 531 2114 hinc
551 2050 654 2136 possis
673 2049 766 2137 prius
788 2069 921 2114 omnem
942 2047 1053 2114 efflue
1073 2046 1212 2113 colorem

237 2153 415 2238 particulas
435 2174 534 2239 quam
555 2152 725 2220 discedant
746 2153 789 2219 sd
811 2153 938 2219 semina
957 2172 1075 2218 rerum

284 2256 452 2323 Postremo
473 2257 629 2344 quoniam
650 2280 718 2325 non
739 2257 850 2324 omnia
871 2279 1004 2345 corpore
1024 2277 1137 2323 vocem

239 2360 372 2428 mittere
393 2362 541 2428 concedis
561 2384 669 2448 neque
691 2361 833 2442 odorem,
855 2371 1026 2449 propterea
1046 2360 1086 2426 fit
1249 2357 1311 2438 835

239 2472 280 2527 ut
301 2486 368 2529 non
390 2464 541 2530 omnibus
562 2465 731 2532 sdtsibuas
752 2466 878 2531 sonitus
898 2474 933 2531 et
954 2464 1073 2531 odores

238 2566 286 2631 sic
301 2566 409 2631 oeulis
430 2566 585 2653 quoniam
607 2589 674 2632 nou
695 2567 807 2632 omnia
827 2589 956 2633 eernere
977 2569 1116 2654 quimus,

239 2672 322 2737 scire
343 2672 422 2738 licet
443 2672 606 2760 quaedam
626 2682 698 2739 tam
720 2683 865 2741 constare
887 2675 1088 2743 orba-colore

239 2798 340 2863 quam
362 2776 433 2843 sine
456 2776 552 2843 odore
574 2776 643 2842 ullo
664 2776 828 2863 quaedam
849 2776 1022 2864 sonituque
1043 2787 1177 2855 remote,

238 2879 1194 2967 neeminushaecanimumcognoeeerspoesesegsoem
1249 2878 1315 2960 840

239 3004 340 3068 quam
363 3005 449 3070 queo
470 2992 549 3049 suut
569 2982 642 3049 aliis
663 2985 761 3050 rebus
782 2985 913 3071 privata
933 2993 1055 3049 notare.

282 3085 350 3151 Sed
371 3108 415 3152 ne
437 3086 520 3152 sorte
540 3095 638 3173 putes
659 3087 728 3153 solo
748 3087 888 3174 spoliata
908 3086 1012 3151 colore

193 3193 207 3203 '
238 3212 374 3277 corpore
393 3192 500 3278 psima
519 3213 661 3271 manere,
684 3192 786 3257 etiam
808 3199 933 3257 secrete
954 3189 1077 3276 teporis

239 3304 319 3360 eunt
340 3317 379 3361 ae
400 3295 527 3382 frigoris
549 3296 682 3362 omnino
703 3296 866 3382 calidique
888 3293 1025 3381 vaporis,

239 3406 276 3462 et
297 3399 408 3464 sonitu
429 3400 542 3465 sterila
562 3408 597 3466 et
619 3421 697 3465 suco
718 3400 831 3466 ieiuna
851 3398 1009 3473 feruntur,
1252 3395 1313 3477 845

237 3522 302 3566 000
322 3500 447 3568 iaciunt
467 3501 573 3568 ullum
594 3503 762 3590 proprium
784 3503 825 3569 de
847 3522 977 3587 corpore
999 3498 1138 3566 odorem

237 3605 327 3671 sieut
347 3607 524 3674 ammacini
543 3607 703 3674 blandum
724 3616 913 3693 stactaeque
935 3604 1093 3691 liquorem

136 3805 235 3860 hele
343 3804 1314 3871 salomamheuiorowemmssemwmuue

136 3889 222 3953 vulg.
323 3889 511 3941 8890000000
538 3884 1313 3952 munemusormtbnsuoughepmeue

134 3967 1315 4034 600Ῑποίοῠωῦοῑςωήῶαοιοήιρ.14,000000800.Δ10.100010000000

129 4051 490 4114 eunucu-cerm
522 4050 1316 4117 mmmmmdsmsueasatorucemhm.

133 4132 429 4196 'iubentiudmsnt
467 4132 1317 4198 aemvhiohprsviomeditonnmnhnnom.m

133 4214 411 4270 Bn-ioemm.
509 4215 1061 4281 Btlfflmumhmiordtspadtm.
1158 4213 1318 4263 8410000νο

134 4295 428 4363 lach-imvm.
527 4296 1165 4350 asomumulcmbautoutm.
1268 4289 1319 4340 848

1210 4390 1232 4456 8

1019 4546 1044 4601 N
