3092 4984
239 251 301 317 292
793 228 843 291 VI

325 388 408 452 forte
430 385 557 471 vaporis
579 384 687 462 habet
710 405 847 470 propere
870 381 1010 446 dimittit
1032 381 1068 445 in
1089 402 1193 446 auras

324 512 390 576 quo
411 488 515 574 magis
537 497 587 554 est
609 488 710 573 igitur
731 486 830 552 tellus
851 485 951 552 effeta
971 485 1085 561 calore,

323 593 362 658 fit
382 613 512 677 quoque
539 590 686 676 frigidior
707 591 765 676 qui
787 590 822 654 in
844 599 963 655 terrast
985 588 1115 653 abditus
1137 610 1248 653 umor.

328 696 445 781 frigore
467 717 543 760 cum
564 693 725 781 premitur
745 715 840 779 porro
862 691 968 756 omnis
988 699 1077 757 terra
1097 692 1231 777 coitque

330 809 364 865 et
384 799 477 884 quasi
499 797 681 874 concrescit,
704 796 743 861 fit
764 796 887 861 scilicet
908 803 948 860 ut
968 794 1113 859 coeundo

331 901 491 987 exprimat
513 901 549 966 in
571 910 686 986 puteos
708 899 835 984 siquem
856 898 942 984 gerit
963 898 1036 983 ipsa
1057 898 1200 963 calorem.

303 1023 322 1126 p
375 1005 454 1068 Esse
476 1004 565 1089 apud
587 1002 782 1067 Hammonis
803 1001 918 1066 fanum
940 1001 1012 1066 fons
1034 1002 1106 1066 luce
1128 1002 1249 1067 diurna

331 1107 467 1194 frigidus
490 1115 525 1172 et
546 1106 670 1172 calidus
690 1115 849 1171 nocturno
871 1113 1017 1190 tempore
1039 1103 1150 1180 fertur.

331 1211 418 1276 hunc
439 1209 587 1275 homines
608 1209 732 1274 fontem
753 1207 852 1272 nimis
873 1206 1078 1273 admirantur
1099 1215 1133 1272 et
1154 1207 1219 1272 acri

333 1313 399 1378 sole
421 1321 540 1399 putant
562 1319 674 1398 supter
695 1321 797 1377 terras
820 1310 997 1376 fervescere
1017 1311 1146 1397 raptim,

333 1436 398 1479 nox
419 1414 476 1479 ubi
498 1414 636 1479 terribili
657 1422 759 1479 terras
782 1412 920 1498 caligine
942 1412 1034 1478 texit

333 1518 419 1603 quod
443 1517 540 1582 nimis
562 1540 581 1582 a
603 1527 710 1583 verast
731 1517 828 1603 longe
850 1516 976 1582 ratione
997 1524 1166 1583 remotum.

332 1622 453 1708 qnippe
475 1622 531 1686 ubi
554 1622 602 1686 sol
623 1621 749 1687 nudum
770 1630 975 1686 contractans
997 1643 1113 1708 corpus
1134 1619 1232 1707 aquai

333 1745 399 1788 non
421 1722 541 1810 quierit
563 1724 703 1789 calidum
725 1745 843 1809 supera
864 1723 905 1789 de
927 1723 1061 1789 reddere
1082 1731 1182 1810 parte,
1353 1726 1418 1805 855

333 1848 408 1891 cum
430 1847 584 1911 superum
605 1825 717 1890 lumen
739 1832 833 1891 tanto
855 1826 979 1891 fervore
1002 1825 1139 1904 fruatur,

336 1928 393 2013 qui
416 1937 516 2014 queat
537 1927 590 1992 hic
612 1936 724 2013 supter
745 1936 815 1992 tam
837 1949 941 1992 crasso
962 1949 1093 2013 corpore
1114 1935 1233 1992 terram

336 2050 530 2114 persequere
551 2051 698 2094 umorem
720 2038 755 2094 et
777 2029 880 2095 calido
902 2030 1021 2094 satiare
1044 2034 1185 2116 vaporet

336 2133 527 2218 praesertim
549 2154 622 2197 cum
645 2132 700 2196 vix
722 2132 825 2217 possit
846 2154 905 2217 per
926 2140 1039 2218 saepta
1060 2132 1229 2196 domorum

337 2235 500 2299 insinuare
522 2257 618 2299 suum
640 2233 738 2299 radiis
760 2234 950 2300 ardentibus
973 2245 1108 2300 aestum
1347 2236 1418 2301 860

339 2359 422 2422 quae
444 2336 558 2402 ratiost
581 2336 703 2423 igiturt
726 2336 882 2400 nimirum
904 2345 992 2401 terra
1013 2337 1117 2423 magis
1138 2338 1224 2422 quod

338 2463 411 2505 rara
432 2449 524 2526 tepet
545 2442 665 2506 circum
688 2441 812 2507 fontem
834 2462 933 2526 quam
955 2448 1063 2506 cetera
1083 2440 1180 2506 tellus

340 2543 509 2628 multaque
531 2552 609 2608 sunt
631 2542 715 2627 ignis
736 2565 837 2629 prope
859 2542 984 2607 semina
1005 2564 1120 2628 corpus
1144 2542 1248 2629 aquai

340 2646 401 2710 hoc
422 2646 479 2711 ubi
501 2647 640 2712 roriferis
663 2656 783 2711 terram
805 2669 870 2712 nox
892 2646 1001 2712 obruit
1022 2647 1154 2723 umbris,

340 2750 502 2834 extemplo
524 2752 655 2835 penitus
677 2751 820 2836 frigescit
841 2758 929 2816 terra
950 2751 1088 2836 coitque.
1347 2752 1410 2831 865

341 2851 401 2916 hac
423 2852 549 2918 ratione
571 2854 678 2932 litut,
700 2863 870 2940 tamquam
893 2878 1074 2942 compressa
1095 2879 1195 2921 manu
1218 2857 1270 2934 sit,

342 2957 500 3042 exprimat
523 2958 557 3022 in
579 2958 704 3024 sontem
726 2981 810 3044 quae
833 2960 958 3025 semina
979 2983 1119 3047 cumque
1141 2962 1239 3028 habet
1262 2962 1355 3048 ignis,

342 3085 424 3149 quae
447 3062 587 3128 calidum
609 3063 733 3128 faciunt
755 3070 860 3149 aqiiae
882 3072 1007 3130 tactum
1030 3075 1130 3152 atque
1151 3089 1307 3153 saporem

256 3296 306 3348 end
317 3297 344 3348 01
355 3297 474 3348 Catullus
484 3298 524 3347 lor
534 3300 609 3361 atquc
620 3296 704 3347 which
714 3296 748 3347 he
759 3296 822 3360 kept
832 3296 862 3346 in
873 3297 931 3347 Ald.
940 3298 954 3346 1
967 3312 996 3348 as
1007 3298 1052 3348 did
1064 3299 1099 3348 cll
1111 3297 1208 3350 editors
1218 3297 1306 3350 heloro
1317 3298 1397 3350 Lech.

289 3379 338 3428 818
356 3380 438 3436 tabet,
454 3394 557 3443 propere
576 3379 647 3430 Nice.
668 3377 757 3429 camb.
779 3378 849 3428 Mon.
869 3377 928 3428 Ver.
950 3378 1015 3428 Van.
1035 3380 1104 3442 vulg.
1124 3379 1165 3429 tor
1183 3382 1255 3430 tabet
1271 3382 1413 3444 proprch

258 3457 327 3508 Flor.
337 3459 377 3516 81,
387 3461 506 3522 propolae
517 3458 548 3510 A.
579 3462 679 3524 proprii
689 3459 768 3509 Bem.
780 3458 866 3509 whom
876 3459 891 3508 I
902 3458 1020 3510 lollowed
1030 3459 1058 3509 in
1069 3460 1147 3510 small
1157 3459 1197 3510 ed
1209 3460 1349 3524 lorgetting
1358 3461 1416 3513 that

259 3537 339 3596 11100..
351 3538 394 3590 lc.
408 3539 523 3602 Pogglo's
534 3554 583 3590 ms.
596 3542 624 3590 ln
636 3541 672 3591 all
683 3539 832 3600 likelihood,
843 3539 895 3591 had
903 3556 1017 3605 propere.
1104 3543 1154 3593 846
1163 3550 1193 3593 ut
1203 3545 1313 3595 coeundo
1324 3544 1414 3596 lamb.

259 3618 298 3667 lor
309 3621 336 3668 10
347 3623 461 3670 coeundo.
497 3624 524 3671 1))
536 3637 584 3684 quo
595 3627 674 3674 eundo
685 3624 756 3674 Nice.

291 3699 337 3748 811
355 3701 450 3762 raptim
461 3701 552 3750 Lamb.
564 3701 605 3750 lor
612 3708 717 3765 partim.
816 3705 864 3756 857
881 3712 966 3768 eupter
976 3704 1061 3764 Pone,
1073 3707 1157 3755 subter
1168 3704 1233 3756 Mar.
1244 3705 1327 3756 Alhl
1342 3707 1416 3758 tunt

260 3773 298 3824 lor
309 3791 391 3840 strper.
489 3781 538 3830 858
554 3782 649 3831 satiare
660 3782 719 3834 Vct.
730 3784 794 3836 1854
806 3784 901 3835 Othcb.
913 3785 976 3836 Pius
987 3784 1015 3834 in
1026 3787 1110 3842 notes,
1122 3784 1234 3835 Turneb.
1245 3785 1347 3838 adrem.
1357 3802 1416 3838 mr

260 3858 291 3906 18
311 3857 350 3908 lor
368 3860 471 3909 uectore.
512 3863 604 3913 sociare
621 3864 711 3914 camb.
729 3867 825 3917 hreno.
867 3871 904 3919 sol
920 3871 980 3918 dore
996 3868 1068 3918 Nico.
1108 3870 1204 3919 sedare
1220 3868 1291 3919 Flor.
1302 3870 1335 3920 81
1352 3869 1415 3924 ΜΔ).

259 3939 333 3988 lunt.
374 3940 466 3990 donare
486 3940 563 3991 Bcrn.
667 3948 715 3996 868
731 3949 804 3998 Rara
822 3949 915 4001 hamb.
935 3950 1049 4001 Turneb.
1068 3949 1126 4001 adr.
1145 3964 1205 3999 xxrr
1224 3950 1255 3999 18
1277 3951 1318 4001 lor
1338 3952 1415 4002 Parc.

260 4027 324 4086 tepet
340 4019 420 4070 Lech.
432 4021 473 4072 lor
483 4029 558 4074 tenet.
672 4029 721 4078 884
737 4033 831 4082 umbris
843 4032 908 4082 Mar.
923 4033 974 4097 (op.
985 4033 1093 4092 Victor..
1105 4034 1151 4084 not
1162 4032 1192 4083 in
1201 4033 1270 4099 ms).
1282 4033 1415 4086 10000

260 4101 311 4156 end
330 4101 358 4153 01
377 4101 481 4160 catull..
499 4103 574 4155 1001.
595 4105 635 4156 lor
653 4109 737 4158 undis.
847 4114 895 4163 885
911 4118 1013 4177 pertitus
1030 4114 1110 4165 1001).
1130 4115 1171 4165 tor
1188 4118 1293 4166 0001100.
1334 4117 1415 4166 10110)

261 4183 341 4236 11111
361 4183 435 4234 1001.
454 4183 522 4248 vulg.
562 4188 635 4238 solito
654 4187 719 4240 Mar.
819 4193 866 4243 888
883 4199 965 4258 001100
983 4196 1064 4250 hauh.
1084 4198 1152 4249 atter
1170 4198 1242 4249 Bede
1260 4198 1413 4250 10010808)

260 4265 352 4320 humb.
364 4268 408 4318 too
419 4265 518 4318 uctioes
529 4266 550 4317 lt
562 4266 589 4318 ln
602 4272 684 4321 notes.
717 4286 831 4335 saporem
840 4273 932 4325 hamb.
944 4277 984 4328 lor
994 4295 1123 4344 vaporem:
1136 4295 1151 4331 a
1163 4295 1301 4346 000000οη
1311 4280 1413 4344 chnut.
