<?xml version="1.0" encoding="UTF-8"?>
<!DOCTYPE html PUBLIC "-//W3C//DTD XHTML 1.0 Transitional//EN"
    "http://www.w3.org/TR/xhtml1/DTD/xhtml1-transitional.dtd">
<html xmlns="http://www.w3.org/1999/xhtml" xml:lang="en" lang="en">
 <head>
  <title>
</title>
<meta http-equiv="Content-Type" content="text/html;charset=utf-8" />
  <meta name='ocr-system' content='tesseract 3.04.00' />
  <meta name='ocr-capabilities' content='ocr_page ocr_carea ocr_par ocr_line ocrx_word'/>
</head>
<body>
  <div class='ocr_page' id='page_1' title='image "./dererumnaturali01munrgoog_0063.png"; bbox 0 0 3092 4984; ppageno 0'>
   <div class='ocr_carea' id='block_1_1' title="bbox 238 451 1484 3524">
    <p class='ocr_par' dir='ltr' id='par_1_1' title="bbox 348 451 1169 540">
     <span class='ocr_line' id='line_1_1' title="bbox 348 451 1169 540; baseline -0.005 -20"><span class='ocrx_word' id='word_1_1' title='bbox 348 462 397 520; x_wconf 87' lang='lat' dir='ltr'><strong>est</strong></span> <span class='ocrx_word' id='word_1_2' title='bbox 411 455 525 519; x_wconf 84' lang='lat' dir='ltr'><strong>oeulos</strong></span> <span class='ocrx_word' id='word_1_3' title='bbox 547 473 644 519; x_wconf 87' lang='lat' dir='ltr'><strong>ausus</strong></span> <span class='ocrx_word' id='word_1_4' title='bbox 664 452 853 540; x_wconf 86' lang='lat' dir='ltr'><strong>primusque</strong></span> <span class='ocrx_word' id='word_1_5' title='bbox 876 451 1030 517; x_wconf 85' lang='lat' dir='ltr'><strong>obsistere</strong></span> <span class='ocrx_word' id='word_1_6' title='bbox 1051 460 1169 530; x_wconf 79' lang='lat' dir='ltr'><strong>eontra</strong></span> 
     </span>
    </p>

    <p class='ocr_par' dir='ltr' id='par_1_2' title="bbox 346 554 1315 643">
     <span class='ocr_line' id='line_1_2' title="bbox 346 554 1315 643; baseline -0.003 -21"><span class='ocrx_word' id='word_1_7' title='bbox 346 577 445 643; x_wconf 86' lang='lat' dir='ltr'><strong>quem</strong></span> <span class='ocrx_word' id='word_1_8' title='bbox 466 577 572 643; x_wconf 88' lang='lat' dir='ltr'><strong>nequa</strong></span> <span class='ocrx_word' id='word_1_9' title='bbox 594 555 682 620; x_wconf 82' lang='lat' dir='ltr'><strong>fama</strong></span> <span class='ocrx_word' id='word_1_10' title='bbox 702 554 802 620; x_wconf 90' lang='lat' dir='ltr'><strong>deum</strong></span> <span class='ocrx_word' id='word_1_11' title='bbox 823 576 884 619; x_wconf 86' lang='lat' dir='ltr'><strong>neo</strong></span> <span class='ocrx_word' id='word_1_12' title='bbox 906 554 1044 619; x_wconf 81' lang='lat' dir='ltr'><strong>fulmina</strong></span> <span class='ocrx_word' id='word_1_13' title='bbox 1064 576 1126 619; x_wconf 87' lang='lat' dir='ltr'><strong>neo</strong></span> <span class='ocrx_word' id='word_1_14' title='bbox 1146 555 1315 620; x_wconf 79' lang='lat' dir='ltr'><strong>minitanti</strong></span> 
     </span>
    </p>

    <p class='ocr_par' dir='ltr' id='par_1_3' title="bbox 347 658 1288 745">
     <span class='ocr_line' id='line_1_3' title="bbox 347 658 1288 745; baseline -0.001 -20"><span class='ocrx_word' id='word_1_15' title='bbox 347 682 513 726; x_wconf 89' lang='lat' dir='ltr'><strong>murmure</strong></span> <span class='ocrx_word' id='word_1_16' title='bbox 536 659 723 745; x_wconf 77' lang='lat' dir='ltr'><strong>compressit</strong></span> <span class='ocrx_word' id='word_1_17' title='bbox 748 659 882 735; x_wconf 80' lang='lat' dir='ltr'><strong>eaelum,</strong></span> <span class='ocrx_word' id='word_1_18' title='bbox 909 658 1027 724; x_wconf 88' lang='lat' dir='ltr'><strong>sedeo</strong></span> <span class='ocrx_word' id='word_1_19' title='bbox 1052 658 1156 744; x_wconf 84' lang='lat' dir='ltr'><strong>magis</strong></span> <span class='ocrx_word' id='word_1_20' title='bbox 1180 680 1288 725; x_wconf 83' lang='lat' dir='ltr'><strong>aorem</strong></span> 
     </span>
    </p>

    <p class='ocr_par' dir='ltr' id='par_1_4' title="bbox 348 761 1484 847">
     <span class='ocr_line' id='line_1_4' title="bbox 348 761 1484 847; baseline -0.002 -19"><span class='ocrx_word' id='word_1_21' title='bbox 348 763 462 830; x_wconf 79' lang='lat' dir='ltr'>inritat</span> <span class='ocrx_word' id='word_1_22' title='bbox 486 763 588 829; x_wconf 89' lang='lat' dir='ltr'><strong>animi</strong></span> <span class='ocrx_word' id='word_1_23' title='bbox 605 764 769 839; x_wconf 88' lang='lat' dir='ltr'><strong>virtutem,</strong></span> <span class='ocrx_word' id='word_1_24' title='bbox 791 761 960 847; x_wconf 83' lang='lat' dir='ltr'><strong>effringere</strong></span> <span class='ocrx_word' id='word_1_25' title='bbox 979 770 1018 827; x_wconf 91' lang='lat' dir='ltr'><strong>ut</strong></span> <span class='ocrx_word' id='word_1_26' title='bbox 1041 770 1113 828; x_wconf 89' lang='lat' dir='ltr'><strong>arta</strong></span> <span class='ocrx_word' id='word_1_27' title='bbox 1376 778 1419 844; x_wconf 92' lang='lat'><strong>70</strong></span> <span class='ocrx_word' id='word_1_28' title='bbox 1481 812 1484 817; x_wconf 75' lang='grc'>.</span> 
     </span>
    </p>

    <p class='ocr_par' dir='ltr' id='par_1_5' title="bbox 347 867 1144 954">
     <span class='ocr_line' id='line_1_5' title="bbox 347 867 1144 954; baseline 0 -21"><span class='ocrx_word' id='word_1_29' title='bbox 347 877 484 934; x_wconf 90' lang='lat' dir='ltr'><strong>naturae</strong></span> <span class='ocrx_word' id='word_1_30' title='bbox 508 869 633 954; x_wconf 84' lang='lat' dir='ltr'><strong>primus</strong></span> <span class='ocrx_word' id='word_1_31' title='bbox 655 875 822 953; x_wconf 82' lang='lat' dir='ltr'><strong>portorum</strong></span> <span class='ocrx_word' id='word_1_32' title='bbox 848 868 988 932; x_wconf 86' lang='lat' dir='ltr'><strong>claustra</strong></span> <span class='ocrx_word' id='word_1_33' title='bbox 1011 867 1144 953; x_wconf 86' lang='lat' dir='ltr'><strong>cupiret.</strong></span> 
     </span>
    </p>

    <p class='ocr_par' dir='ltr' id='par_1_6' title="bbox 349 969 1093 1056">
     <span class='ocr_line' id='line_1_6' title="bbox 349 969 1093 1056; baseline -0.001 -20"><span class='ocrx_word' id='word_1_34' title='bbox 349 993 425 1056; x_wconf 86' lang='lat' dir='ltr'><strong>ergo</strong></span> <span class='ocrx_word' id='word_1_35' title='bbox 447 970 557 1035; x_wconf 87' lang='lat' dir='ltr'><strong>vivida</strong></span> <span class='ocrx_word' id='word_1_36' title='bbox 578 969 627 1035; x_wconf 84' lang='lat' dir='ltr'><strong>vis</strong></span> <span class='ocrx_word' id='word_1_37' title='bbox 651 969 753 1035; x_wconf 89' lang='lat' dir='ltr'><strong>animi</strong></span> <span class='ocrx_word' id='word_1_38' title='bbox 775 969 919 1054; x_wconf 83' lang='lat' dir='ltr'><strong>pervicit,</strong></span> <span class='ocrx_word' id='word_1_39' title='bbox 944 978 978 1035; x_wconf 89' lang='lat' dir='ltr'><strong>at</strong></span> <span class='ocrx_word' id='word_1_40' title='bbox 1000 978 1093 1035; x_wconf 82' lang='lat' dir='ltr'><strong>extra</strong></span> 
     </span>
    </p>

    <p class='ocr_par' dir='ltr' id='par_1_7' title="bbox 349 1070 1135 1158">
     <span class='ocr_line' id='line_1_7' title="bbox 349 1070 1135 1158; baseline -0.003 -20"><span class='ocrx_word' id='word_1_41' title='bbox 349 1073 501 1158; x_wconf 82' lang='lat' dir='ltr'><strong>prooessit</strong></span> <span class='ocrx_word' id='word_1_42' title='bbox 523 1072 618 1158; x_wconf 85' lang='lat' dir='ltr'><strong>longe</strong></span> <span class='ocrx_word' id='word_1_43' title='bbox 640 1070 845 1136; x_wconf 86' lang='lat' dir='ltr'><strong>flammantia</strong></span> <span class='ocrx_word' id='word_1_44' title='bbox 866 1071 995 1136; x_wconf 85' lang='lat' dir='ltr'><strong>moenia</strong></span> <span class='ocrx_word' id='word_1_45' title='bbox 1019 1071 1135 1136; x_wconf 91' lang='lat' dir='ltr'><strong>mundi</strong></span> 
     </span>
    </p>

    <p class='ocr_par' dir='ltr' id='par_1_8' title="bbox 349 1174 1329 1262">
     <span class='ocr_line' id='line_1_8' title="bbox 349 1174 1329 1262; baseline -0.002 -20"><span class='ocrx_word' id='word_1_46' title='bbox 349 1185 449 1262; x_wconf 85' lang='lat' dir='ltr'><strong>atque</strong></span> <span class='ocrx_word' id='word_1_47' title='bbox 474 1198 569 1242; x_wconf 90' lang='lat' dir='ltr'><strong>omne</strong></span> <span class='ocrx_word' id='word_1_48' title='bbox 588 1177 785 1241; x_wconf 83' lang='lat' dir='ltr'><strong>immensum</strong></span> <span class='ocrx_word' id='word_1_49' title='bbox 810 1174 994 1261; x_wconf 70' lang='lat' dir='ltr'><strong>peragravit</strong></span> <span class='ocrx_word' id='word_1_50' title='bbox 1013 1183 1125 1239; x_wconf 88' lang='lat' dir='ltr'><strong>mente</strong></span> <span class='ocrx_word' id='word_1_51' title='bbox 1148 1175 1329 1261; x_wconf 89' lang='lat' dir='ltr'><strong>animoque,</strong></span> 
     </span>
    </p>

    <p class='ocr_par' dir='ltr' id='par_1_9' title="bbox 238 1278 1415 1471">
     <span class='ocr_line' id='line_1_9' title="bbox 349 1278 1415 1364; baseline -0.002 -20"><span class='ocrx_word' id='word_1_52' title='bbox 349 1280 437 1345; x_wconf 88' lang='lat' dir='ltr'><strong>unde</strong></span> <span class='ocrx_word' id='word_1_53' title='bbox 459 1280 558 1344; x_wconf 82' lang='lat' dir='ltr'>refert</span> <span class='ocrx_word' id='word_1_54' title='bbox 585 1280 678 1344; x_wconf 87' lang='lat' dir='ltr'><strong>nobis</strong></span> <span class='ocrx_word' id='word_1_55' title='bbox 701 1280 804 1344; x_wconf 88' lang='lat' dir='ltr'><strong>victor</strong></span> <span class='ocrx_word' id='word_1_56' title='bbox 829 1279 908 1364; x_wconf 91' lang='lat' dir='ltr'><strong>quid</strong></span> <span class='ocrx_word' id='word_1_57' title='bbox 933 1278 1034 1364; x_wconf 85' lang='lat' dir='ltr'><strong>possit</strong></span> <span class='ocrx_word' id='word_1_58' title='bbox 1050 1279 1133 1357; x_wconf 77' lang='lat' dir='ltr'><strong>oriri</strong></span> <span class='ocrx_word' id='word_1_59' title='bbox 1375 1295 1415 1363; x_wconf 78' lang='lat'><strong>75</strong></span> 
     </span>
     <span class='ocr_line' id='line_1_10' title="bbox 238 1376 1201 1471; baseline 0 -22"><span class='ocrx_word' id='word_1_60' title='bbox 238 1376 241 1383; x_wconf 74' lang='grc'><strong>’</strong></span> <span class='ocrx_word' id='word_1_61' title='bbox 351 1384 429 1471; x_wconf 93' lang='lat' dir='ltr'><strong>quid</strong></span> <span class='ocrx_word' id='word_1_62' title='bbox 454 1391 604 1469; x_wconf 85' lang='lat' dir='ltr'><strong>nequeat,</strong></span> <span class='ocrx_word' id='word_1_63' title='bbox 629 1383 725 1449; x_wconf 88' lang='lat' dir='ltr'><strong>finita</strong></span> <span class='ocrx_word' id='word_1_64' title='bbox 748 1391 892 1469; x_wconf 82' lang='lat' dir='ltr'><strong>potestas</strong></span> <span class='ocrx_word' id='word_1_65' title='bbox 915 1383 1057 1469; x_wconf 87' lang='lat' dir='ltr'><strong>denique</strong></span> <span class='ocrx_word' id='word_1_66' title='bbox 1082 1384 1201 1470; x_wconf 82' lang='lat' dir='ltr'><strong>cuique</strong></span> 
     </span>
    </p>

    <p class='ocr_par' dir='ltr' id='par_1_10' title="bbox 350 1485 1280 1575">
     <span class='ocr_line' id='line_1_11' title="bbox 350 1485 1280 1575; baseline 0.001 -23"><span class='ocrx_word' id='word_1_67' title='bbox 350 1509 491 1575; x_wconf 87' lang='lat' dir='ltr'><strong>quanam</strong></span> <span class='ocrx_word' id='word_1_68' title='bbox 517 1486 561 1551; x_wconf 88' lang='lat' dir='ltr'><strong>sit</strong></span> <span class='ocrx_word' id='word_1_69' title='bbox 585 1485 711 1551; x_wconf 90' lang='lat' dir='ltr'><strong>ratione</strong></span> <span class='ocrx_word' id='word_1_70' title='bbox 737 1494 836 1571; x_wconf 88' lang='lat' dir='ltr'><strong>atque</strong></span> <span class='ocrx_word' id='word_1_71' title='bbox 860 1487 927 1551; x_wconf 89' lang='lat' dir='ltr'><strong>alte</strong></span> <span class='ocrx_word' id='word_1_72' title='bbox 950 1487 1109 1551; x_wconf 86' lang='lat' dir='ltr'><strong>terminus</strong></span> <span class='ocrx_word' id='word_1_73' title='bbox 1135 1487 1280 1556; x_wconf 83' lang='lat' dir='ltr'><strong>haerens.</strong></span> 
     </span>
    </p>

    <p class='ocr_par' dir='ltr' id='par_1_11' title="bbox 350 1589 1078 1677">
     <span class='ocr_line' id='line_1_12' title="bbox 350 1589 1078 1677; baseline 0 -22"><span class='ocrx_word' id='word_1_74' title='bbox 350 1612 449 1677; x_wconf 88' lang='lat' dir='ltr'><strong>quare</strong></span> <span class='ocrx_word' id='word_1_75' title='bbox 472 1590 585 1676; x_wconf 81' lang='lat' dir='ltr'><strong>religio</strong></span> <span class='ocrx_word' id='word_1_76' title='bbox 604 1589 741 1675; x_wconf 85' lang='lat' dir='ltr'><strong>pedibus</strong></span> <span class='ocrx_word' id='word_1_77' title='bbox 767 1590 913 1655; x_wconf 85' lang='lat' dir='ltr'><strong>subiecta</strong></span> <span class='ocrx_word' id='word_1_78' title='bbox 936 1590 1078 1655; x_wconf 66' lang='lat' dir='ltr'><strong>vicmsim</strong></span> 
     </span>
    </p>

    <p class='ocr_par' dir='ltr' id='par_1_12' title="bbox 351 1693 1061 1781">
     <span class='ocr_line' id='line_1_13' title="bbox 351 1693 1061 1781; baseline -0.001 -22"><span class='ocrx_word' id='word_1_79' title='bbox 351 1694 518 1781; x_wconf 86' lang='lat' dir='ltr'><strong>opteritur,</strong></span> <span class='ocrx_word' id='word_1_80' title='bbox 541 1715 600 1759; x_wconf 86' lang='lat' dir='ltr'><strong>nos</strong></span> <span class='ocrx_word' id='word_1_81' title='bbox 619 1701 781 1779; x_wconf 78' lang='lat' dir='ltr'><strong>exaequat</strong></span> <span class='ocrx_word' id='word_1_82' title='bbox 806 1693 941 1759; x_wconf 82' lang='lat' dir='ltr'><strong>victoria</strong></span> <span class='ocrx_word' id='word_1_83' title='bbox 964 1695 1061 1759; x_wconf 87' lang='lat' dir='ltr'><strong>caelo.</strong></span> 
     </span>
    </p>

    <p class='ocr_par' dir='ltr' id='par_1_13' title="bbox 394 1794 1421 1875">
     <span class='ocr_line' id='line_1_14' title="bbox 394 1794 1421 1875; baseline 0.001 -14"><span class='ocrx_word' id='word_1_84' title='bbox 394 1795 481 1861; x_wconf 93' lang='lat' dir='ltr'><strong>Illud</strong></span> <span class='ocrx_word' id='word_1_85' title='bbox 501 1796 537 1860; x_wconf 91' lang='lat' dir='ltr'><strong>in</strong></span> <span class='ocrx_word' id='word_1_86' title='bbox 554 1794 605 1859; x_wconf 89' lang='lat' dir='ltr'><strong>his</strong></span> <span class='ocrx_word' id='word_1_87' title='bbox 630 1795 726 1859; x_wconf 86' lang='lat' dir='ltr'><strong>rebus</strong></span> <span class='ocrx_word' id='word_1_88' title='bbox 751 1817 870 1875; x_wconf 86' lang='lat' dir='ltr'><strong>vereor,</strong></span> <span class='ocrx_word' id='word_1_89' title='bbox 895 1818 938 1861; x_wconf 88' lang='lat' dir='ltr'><strong>ne</strong></span> <span class='ocrx_word' id='word_1_90' title='bbox 959 1796 1042 1862; x_wconf 82' lang='lat' dir='ltr'><strong>forte</strong></span> <span class='ocrx_word' id='word_1_91' title='bbox 1059 1798 1158 1863; x_wconf 87' lang='lat' dir='ltr'><strong>rearis</strong></span> <span class='ocrx_word' id='word_1_92' title='bbox 1376 1800 1421 1862; x_wconf 92' lang='lat'><strong>80</strong></span> 
     </span>
    </p>

    <p class='ocr_par' dir='ltr' id='par_1_14' title="bbox 350 1899 1131 1988">
     <span class='ocr_line' id='line_1_15' title="bbox 350 1899 1131 1988; baseline 0 -21"><span class='ocrx_word' id='word_1_93' title='bbox 350 1902 441 1988; x_wconf 87' lang='lat' dir='ltr'><strong>inpia</strong></span> <span class='ocrx_word' id='word_1_94' title='bbox 462 1909 496 1967; x_wconf 86' lang='lat' dir='ltr'><strong>te</strong></span> <span class='ocrx_word' id='word_1_95' title='bbox 521 1899 656 1966; x_wconf 90' lang='lat' dir='ltr'><strong>rationis</strong></span> <span class='ocrx_word' id='word_1_96' title='bbox 679 1899 763 1965; x_wconf 91' lang='lat' dir='ltr'><strong>inire</strong></span> <span class='ocrx_word' id='word_1_97' title='bbox 789 1899 953 1966; x_wconf 89' lang='lat' dir='ltr'><strong>elementa</strong></span> <span class='ocrx_word' id='word_1_98' title='bbox 977 1901 1131 1987; x_wconf 84' lang='lat' dir='ltr'><strong>viamque</strong></span> 
     </span>
    </p>

    <p class='ocr_par' dir='ltr' id='par_1_15' title="bbox 349 2002 1159 2090">
     <span class='ocr_line' id='line_1_16' title="bbox 349 2002 1159 2090; baseline -0.001 -21"><span class='ocrx_word' id='word_1_99' title='bbox 349 2002 519 2090; x_wconf 81' lang='lat' dir='ltr'><strong>indugredi</strong></span> <span class='ocrx_word' id='word_1_100' title='bbox 542 2002 676 2067; x_wconf 85' lang='lat' dir='ltr'><strong>sceleris.</strong></span> <span class='ocrx_word' id='word_1_101' title='bbox 700 2002 787 2087; x_wconf 90' lang='lat' dir='ltr'><strong>quod</strong></span> <span class='ocrx_word' id='word_1_102' title='bbox 812 2012 925 2068; x_wconf 89' lang='lat' dir='ltr'><strong>contra</strong></span> <span class='ocrx_word' id='word_1_103' title='bbox 949 2005 1077 2089; x_wconf 84' lang='lat' dir='ltr'><strong>saepius</strong></span> <span class='ocrx_word' id='word_1_104' title='bbox 1102 2004 1159 2068; x_wconf 90' lang='lat' dir='ltr'><strong>illa</strong></span> 
     </span>
    </p>

    <p class='ocr_par' dir='ltr' id='par_1_16' title="bbox 349 2106 1135 2193">
     <span class='ocr_line' id='line_1_17' title="bbox 349 2106 1135 2193; baseline 0 -20"><span class='ocrx_word' id='word_1_105' title='bbox 349 2107 461 2193; x_wconf 85' lang='lat' dir='ltr'><strong>religio</strong></span> <span class='ocrx_word' id='word_1_106' title='bbox 485 2106 611 2192; x_wconf 89' lang='lat' dir='ltr'><strong>peperit</strong></span> <span class='ocrx_word' id='word_1_107' title='bbox 636 2107 792 2171; x_wconf 84' lang='lat' dir='ltr'><strong>scelerosa</strong></span> <span class='ocrx_word' id='word_1_108' title='bbox 814 2114 914 2192; x_wconf 89' lang='lat' dir='ltr'><strong>atqua</strong></span> <span class='ocrx_word' id='word_1_109' title='bbox 928 2108 1030 2192; x_wconf 89' lang='lat' dir='ltr'><strong>impia</strong></span> <span class='ocrx_word' id='word_1_110' title='bbox 1044 2108 1135 2173; x_wconf 80' lang='lat' dir='ltr'><strong>faeta</strong></span> 
     </span>
    </p>

    <p class='ocr_par' dir='ltr' id='par_1_17' title="bbox 349 2206 1092 2294">
     <span class='ocr_line' id='line_1_18' title="bbox 349 2206 1092 2294; baseline 0.001 -20"><span class='ocrx_word' id='word_1_111' title='bbox 349 2209 469 2275; x_wconf 82' lang='lat' dir='ltr'><strong>Aulide</strong></span> <span class='ocrx_word' id='word_1_112' title='bbox 492 2230 557 2294; x_wconf 90' lang='lat' dir='ltr'><strong>quo</strong></span> <span class='ocrx_word' id='word_1_113' title='bbox 582 2215 676 2292; x_wconf 78' lang='lat' dir='ltr'><strong>pacto</strong></span> <span class='ocrx_word' id='word_1_114' title='bbox 701 2206 822 2271; x_wconf 87' lang='lat' dir='ltr'><strong>Triviai</strong></span> <span class='ocrx_word' id='word_1_115' title='bbox 845 2209 979 2294; x_wconf 84' lang='lat' dir='ltr'><strong>virginis</strong></span> <span class='ocrx_word' id='word_1_116' title='bbox 1003 2232 1092 2275; x_wconf 87' lang='lat' dir='ltr'><strong>aram</strong></span> 
     </span>
    </p>

    <p class='ocr_par' dir='ltr' id='par_1_18' title="bbox 350 2310 1046 2400">
     <span class='ocr_line' id='line_1_19' title="bbox 350 2310 1046 2400; baseline -0.001 -21"><span class='ocrx_word' id='word_1_117' title='bbox 350 2310 552 2400; x_wconf 88' lang='lat' dir='ltr'><strong>Iphianassai</strong></span> <span class='ocrx_word' id='word_1_118' title='bbox 575 2318 748 2396; x_wconf 85' lang='lat' dir='ltr'><strong>turparunt</strong></span> <span class='ocrx_word' id='word_1_119' title='bbox 772 2311 930 2396; x_wconf 84' lang='lat' dir='ltr'><strong>sanguine</strong></span> <span class='ocrx_word' id='word_1_120' title='bbox 953 2311 1046 2378; x_wconf 88' lang='lat' dir='ltr'><strong>foede</strong></span> 
     </span>
    </p>

    <p class='ocr_par' dir='ltr' id='par_1_19' title="bbox 350 2414 1139 2499">
     <span class='ocr_line' id='line_1_20' title="bbox 350 2414 1139 2499; baseline -0.001 -17"><span class='ocrx_word' id='word_1_121' title='bbox 350 2418 498 2482; x_wconf 82' lang='lat' dir='ltr'><strong>ductores</strong></span> <span class='ocrx_word' id='word_1_122' title='bbox 523 2415 677 2480; x_wconf 87' lang='lat' dir='ltr'><strong>Danaum</strong></span> <span class='ocrx_word' id='word_1_123' title='bbox 705 2414 831 2492; x_wconf 84' lang='lat' dir='ltr'><strong>delecti,</strong></span> <span class='ocrx_word' id='word_1_124' title='bbox 857 2415 963 2499; x_wconf 89' lang='lat' dir='ltr'><strong>prima</strong></span> <span class='ocrx_word' id='word_1_125' title='bbox 985 2415 1139 2481; x_wconf 76' lang='lat' dir='ltr'><strong>virorum.</strong></span> 
     </span>
    </p>

    <p class='ocr_par' dir='ltr' id='par_1_20' title="bbox 351 2516 1230 2605">
     <span class='ocr_line' id='line_1_21' title="bbox 351 2516 1230 2605; baseline -0.002 -19"><span class='ocrx_word' id='word_1_126' title='bbox 351 2517 403 2586; x_wconf 82' lang='lat' dir='ltr'><strong>cui</strong></span> <span class='ocrx_word' id='word_1_127' title='bbox 428 2519 526 2585; x_wconf 83' lang='lat' dir='ltr'><strong>simul</strong></span> <span class='ocrx_word' id='word_1_128' title='bbox 550 2517 654 2581; x_wconf 87' lang='lat' dir='ltr'><strong>infula</strong></span> <span class='ocrx_word' id='word_1_129' title='bbox 675 2516 836 2602; x_wconf 85' lang='lat' dir='ltr'><strong>virgineos</strong></span> <span class='ocrx_word' id='word_1_130' title='bbox 858 2517 1059 2585; x_wconf 83' lang='lat' dir='ltr'><strong>circumdata</strong></span> <span class='ocrx_word' id='word_1_131' title='bbox 1083 2528 1230 2605; x_wconf 81' lang='lat' dir='ltr'><strong>comptus</strong></span> 
     </span>
    </p>

    <p class='ocr_par' dir='ltr' id='par_1_21' title="bbox 351 2620 1136 2706">
     <span class='ocr_line' id='line_1_22' title="bbox 351 2620 1136 2706; baseline -0.003 -17"><span class='ocrx_word' id='word_1_132' title='bbox 351 2647 393 2689; x_wconf 80' lang='lat' dir='ltr'><strong>ex</strong></span> <span class='ocrx_word' id='word_1_133' title='bbox 417 2630 555 2706; x_wconf 87' lang='lat' dir='ltr'><strong>utraque</strong></span> <span class='ocrx_word' id='word_1_134' title='bbox 579 2620 651 2706; x_wconf 89' lang='lat' dir='ltr'><strong>pari</strong></span> <span class='ocrx_word' id='word_1_135' title='bbox 673 2621 834 2685; x_wconf 86' lang='lat' dir='ltr'><strong>malarum</strong></span> <span class='ocrx_word' id='word_1_136' title='bbox 848 2629 942 2705; x_wconf 88' lang='lat' dir='ltr'><strong>parte</strong></span> <span class='ocrx_word' id='word_1_137' title='bbox 967 2622 1136 2706; x_wconf 84' lang='lat' dir='ltr'><strong>profusast,</strong></span> 
     </span>
    </p>

    <p class='ocr_par' dir='ltr' id='par_1_22' title="bbox 350 2723 1233 2811">
     <span class='ocr_line' id='line_1_23' title="bbox 350 2723 1233 2811; baseline -0.001 -19"><span class='ocrx_word' id='word_1_138' title='bbox 350 2736 385 2792; x_wconf 90' lang='lat' dir='ltr'><strong>et</strong></span> <span class='ocrx_word' id='word_1_139' title='bbox 410 2732 572 2791; x_wconf 84' lang='lat' dir='ltr'><strong>maestum</strong></span> <span class='ocrx_word' id='word_1_140' title='bbox 597 2723 695 2787; x_wconf 86' lang='lat' dir='ltr'><strong>simul</strong></span> <span class='ocrx_word' id='word_1_141' title='bbox 718 2732 795 2788; x_wconf 88' lang='lat' dir='ltr'><strong>ante</strong></span> <span class='ocrx_word' id='word_1_142' title='bbox 818 2745 890 2788; x_wconf 82' lang='lat' dir='ltr'><strong>aras</strong></span> <span class='ocrx_word' id='word_1_143' title='bbox 913 2724 1040 2790; x_wconf 86' lang='lat' dir='ltr'><strong>adstare</strong></span> <span class='ocrx_word' id='word_1_144' title='bbox 1063 2734 1233 2811; x_wconf 84' lang='lat' dir='ltr'><strong>parentem</strong></span> 
     </span>
    </p>

    <p class='ocr_par' dir='ltr' id='par_1_23' title="bbox 351 2827 1422 2913">
     <span class='ocr_line' id='line_1_24' title="bbox 351 2827 1422 2913; baseline -0.001 -17"><span class='ocrx_word' id='word_1_145' title='bbox 351 2830 452 2897; x_wconf 88' lang='lat' dir='ltr'><strong>sensit</strong></span> <span class='ocrx_word' id='word_1_146' title='bbox 477 2836 511 2894; x_wconf 85' lang='lat' dir='ltr'><strong>et</strong></span> <span class='ocrx_word' id='word_1_147' title='bbox 530 2828 618 2892; x_wconf 88' lang='lat' dir='ltr'><strong>hunc</strong></span> <span class='ocrx_word' id='word_1_148' title='bbox 643 2835 774 2913; x_wconf 88' lang='lat' dir='ltr'><strong>propter</strong></span> <span class='ocrx_word' id='word_1_149' title='bbox 798 2827 920 2893; x_wconf 90' lang='lat' dir='ltr'><strong>ferrum</strong></span> <span class='ocrx_word' id='word_1_150' title='bbox 944 2831 1046 2894; x_wconf 86' lang='lat' dir='ltr'><strong>celare</strong></span> <span class='ocrx_word' id='word_1_151' title='bbox 1073 2830 1237 2895; x_wconf 83' lang='lat' dir='ltr'><strong>ministros</strong></span> <span class='ocrx_word' id='word_1_152' title='bbox 1375 2848 1422 2912; x_wconf 90' lang='lat'><strong>90</strong></span> 
     </span>
    </p>

    <p class='ocr_par' dir='ltr' id='par_1_24' title="bbox 351 2929 1096 3020">
     <span class='ocr_line' id='line_1_25' title="bbox 351 2929 1096 3020; baseline -0.004 -20"><span class='ocrx_word' id='word_1_153' title='bbox 351 2941 548 3020; x_wconf 79' lang='lat' dir='ltr'><strong>aspectuque</strong></span> <span class='ocrx_word' id='word_1_154' title='bbox 567 2953 626 2997; x_wconf 84' lang='lat' dir='ltr'><strong>suo</strong></span> <span class='ocrx_word' id='word_1_155' title='bbox 649 2929 795 2994; x_wconf 79' lang='lat' dir='ltr'><strong>lacrimas</strong></span> <span class='ocrx_word' id='word_1_156' title='bbox 819 2930 985 2996; x_wconf 84' lang='lat' dir='ltr'><strong>effundere</strong></span> <span class='ocrx_word' id='word_1_157' title='bbox 1010 2932 1096 3011; x_wconf 85' lang='lat' dir='ltr'><strong>civis,</strong></span> 
     </span>
    </p>

    <p class='ocr_par' dir='ltr' id='par_1_25' title="bbox 351 3033 1229 3121">
     <span class='ocr_line' id='line_1_26' title="bbox 351 3033 1229 3121; baseline 0 -20"><span class='ocrx_word' id='word_1_158' title='bbox 351 3043 445 3101; x_wconf 90' lang='lat' dir='ltr'><strong>muta</strong></span> <span class='ocrx_word' id='word_1_159' title='bbox 466 3043 559 3099; x_wconf 88' lang='lat' dir='ltr'><strong>metu</strong></span> <span class='ocrx_word' id='word_1_160' title='bbox 584 3042 705 3098; x_wconf 86' lang='lat' dir='ltr'><strong>terram</strong></span> <span class='ocrx_word' id='word_1_161' title='bbox 730 3033 868 3118; x_wconf 85' lang='lat' dir='ltr'><strong>genibus</strong></span> <span class='ocrx_word' id='word_1_162' title='bbox 894 3035 1067 3100; x_wconf 86' lang='lat' dir='ltr'><strong>summissa</strong></span> <span class='ocrx_word' id='word_1_163' title='bbox 1088 3037 1229 3121; x_wconf 86' lang='lat' dir='ltr'><strong>petebat</strong></span> 
     </span>
    </p>

    <p class='ocr_par' dir='ltr' id='par_1_26' title="bbox 351 3135 1195 3224">
     <span class='ocr_line' id='line_1_27' title="bbox 351 3135 1195 3224; baseline -0.002 -20"><span class='ocrx_word' id='word_1_164' title='bbox 351 3161 411 3204; x_wconf 86' lang='lat' dir='ltr'><strong>neo</strong></span> <span class='ocrx_word' id='word_1_165' title='bbox 434 3137 570 3203; x_wconf 86' lang='lat' dir='ltr'><strong>miserae</strong></span> <span class='ocrx_word' id='word_1_166' title='bbox 592 3135 743 3224; x_wconf 87' lang='lat' dir='ltr'><strong>prodesse</strong></span> <span class='ocrx_word' id='word_1_167' title='bbox 766 3135 802 3199; x_wconf 92' lang='lat' dir='ltr'><strong>in</strong></span> <span class='ocrx_word' id='word_1_168' title='bbox 825 3136 885 3200; x_wconf 87' lang='lat' dir='ltr'><strong>tali</strong></span> <span class='ocrx_word' id='word_1_169' title='bbox 910 3145 1056 3222; x_wconf 86' lang='lat' dir='ltr'><strong>tempore</strong></span> <span class='ocrx_word' id='word_1_170' title='bbox 1080 3138 1195 3222; x_wconf 88' lang='lat' dir='ltr'><strong>quibat</strong></span> 
     </span>
    </p>

    <p class='ocr_par' dir='ltr' id='par_1_27' title="bbox 351 3239 1208 3329">
     <span class='ocr_line' id='line_1_28' title="bbox 351 3239 1208 3329; baseline -0.005 -21"><span class='ocrx_word' id='word_1_171' title='bbox 351 3243 437 3329; x_wconf 91' lang='lat' dir='ltr'><strong>quod</strong></span> <span class='ocrx_word' id='word_1_172' title='bbox 462 3241 568 3328; x_wconf 87' lang='lat' dir='ltr'><strong>patrio</strong></span> <span class='ocrx_word' id='word_1_173' title='bbox 592 3240 740 3326; x_wconf 88' lang='lat' dir='ltr'><strong>princeps</strong></span> <span class='ocrx_word' id='word_1_174' title='bbox 766 3239 902 3304; x_wconf 88' lang='lat' dir='ltr'><strong>donarat</strong></span> <span class='ocrx_word' id='word_1_175' title='bbox 925 3241 1056 3305; x_wconf 87' lang='lat' dir='ltr'><strong>nomine</strong></span> <span class='ocrx_word' id='word_1_176' title='bbox 1079 3263 1208 3325; x_wconf 85' lang='lat' dir='ltr'><strong>regem;</strong></span> 
     </span>
    </p>

    <p class='ocr_par' dir='ltr' id='par_1_28' title="bbox 351 3342 1420 3429">
     <span class='ocr_line' id='line_1_29' title="bbox 351 3342 1420 3429; baseline -0.003 -18"><span class='ocrx_word' id='word_1_177' title='bbox 351 3368 428 3411; x_wconf 90' lang='lat' dir='ltr'><strong>nam</strong></span> <span class='ocrx_word' id='word_1_178' title='bbox 449 3345 577 3410; x_wconf 87' lang='lat' dir='ltr'><strong>sublata</strong></span> <span class='ocrx_word' id='word_1_179' title='bbox 598 3343 704 3407; x_wconf 91' lang='lat' dir='ltr'><strong>virum</strong></span> <span class='ocrx_word' id='word_1_180' title='bbox 723 3342 874 3407; x_wconf 85' lang='lat' dir='ltr'><strong>manibus</strong></span> <span class='ocrx_word' id='word_1_181' title='bbox 894 3343 1165 3429; x_wconf 86' lang='lat' dir='ltr'><strong>tremibundaque</strong></span> <span class='ocrx_word' id='word_1_182' title='bbox 1183 3342 1225 3408; x_wconf 86' lang='lat' dir='ltr'><strong>ad</strong></span> <span class='ocrx_word' id='word_1_183' title='bbox 1247 3365 1318 3408; x_wconf 74' lang='lat' dir='ltr'><strong>aras</strong></span> <span class='ocrx_word' id='word_1_184' title='bbox 1375 3359 1420 3426; x_wconf 82' lang='lat'><strong>95</strong></span> 
     </span>
    </p>

    <p class='ocr_par' dir='ltr' id='par_1_29' title="bbox 351 3445 1150 3524">
     <span class='ocr_line' id='line_1_30' title="bbox 351 3445 1150 3524; baseline -0.001 -12"><span class='ocrx_word' id='word_1_185' title='bbox 351 3446 527 3524; x_wconf 82' lang='lat' dir='ltr'><strong>deductast,</strong></span> <span class='ocrx_word' id='word_1_186' title='bbox 553 3467 618 3510; x_wconf 92' lang='lat' dir='ltr'><strong>non</strong></span> <span class='ocrx_word' id='word_1_187' title='bbox 644 3454 683 3511; x_wconf 91' lang='lat' dir='ltr'><strong>ut</strong></span> <span class='ocrx_word' id='word_1_188' title='bbox 705 3445 853 3511; x_wconf 79' lang='lat' dir='ltr'><strong>sollemni</strong></span> <span class='ocrx_word' id='word_1_189' title='bbox 876 3467 964 3511; x_wconf 89' lang='lat' dir='ltr'><strong>more</strong></span> <span class='ocrx_word' id='word_1_190' title='bbox 989 3468 1150 3511; x_wconf 87' lang='lat' dir='ltr'><strong>sacrorum</strong></span> 
     </span>
    </p>
   </div>
   <div class='ocr_carea' id='block_1_2' title="bbox 258 3646 1428 4450">
    <p class='ocr_par' dir='ltr' id='par_1_30' title="bbox 259 3646 1426 4037">
     <span class='ocr_line' id='line_1_31' title="bbox 265 3646 1425 3711; baseline 0.001 -13"><span class='ocrx_word' id='word_1_191' title='bbox 265 3649 408 3711; x_wconf 81' lang='lat' dir='ltr'><strong>misqnote:</strong></span> <span class='ocrx_word' id='word_1_192' title='bbox 430 3648 528 3698; x_wconf 82' lang='lat' dir='ltr'><strong>Sensoa</strong></span> <span class='ocrx_word' id='word_1_193' title='bbox 545 3646 574 3696; x_wconf 91' lang='lat' dir='ltr'><strong>in</strong></span> <span class='ocrx_word' id='word_1_194' title='bbox 590 3648 623 3700; x_wconf 80' lang='grc'><strong>57</strong></span> <span class='ocrx_word' id='word_1_195' title='bbox 639 3646 689 3697; x_wconf 82' lang='lat' dir='ltr'><strong>has</strong></span> <span class='ocrx_word' id='word_1_196' title='bbox 706 3662 802 3711; x_wconf 79' lang='lat' dir='ltr'><strong>qaoque</strong></span> <span class='ocrx_word' id='word_1_197' title='bbox 819 3647 859 3697; x_wconf 85' lang='lat' dir='ltr'><strong>lor</strong></span> <span class='ocrx_word' id='word_1_198' title='bbox 873 3662 959 3710; x_wconf 79' lang='lat' dir='ltr'><strong>quove,</strong></span> <span class='ocrx_word' id='word_1_199' title='bbox 977 3646 1079 3697; x_wconf 85' lang='lat' dir='ltr'><strong>Gellius</strong></span> <span class='ocrx_word' id='word_1_200' title='bbox 1095 3647 1124 3696; x_wconf 89' lang='lat' dir='ltr'><strong>in</strong></span> <span class='ocrx_word' id='word_1_201' title='bbox 1140 3647 1190 3697; x_wconf 82' lang='lat'><strong>804</strong></span> <span class='ocrx_word' id='word_1_202' title='bbox 1206 3656 1251 3697; x_wconf 78' lang='lat' dir='ltr'><strong>aot</strong></span> <span class='ocrx_word' id='word_1_203' title='bbox 1266 3648 1305 3697; x_wconf 79' lang='lat' dir='ltr'><strong>lor</strong></span> <span class='ocrx_word' id='word_1_204' title='bbox 1321 3654 1353 3705; x_wconf 83' lang='lat' dir='ltr'><strong>et,</strong></span> <span class='ocrx_word' id='word_1_205' title='bbox 1371 3649 1425 3699; x_wconf 74' lang='lat'><strong>306</strong></span> 
     </span>
     <span class='ocr_line' id='line_1_32' title="bbox 265 3728 1424 3792; baseline -0.001 -14"><span class='ocrx_word' id='word_1_206' title='bbox 265 3728 366 3779; x_wconf 84' lang='lat' dir='ltr'><strong>Nonius</strong></span> <span class='ocrx_word' id='word_1_207' title='bbox 385 3730 503 3779; x_wconf 66' lang='lat' dir='ltr'><strong>condemn·</strong></span> <span class='ocrx_word' id='word_1_208' title='bbox 524 3728 565 3778; x_wconf 84' lang='lat' dir='ltr'><strong>lor</strong></span> <span class='ocrx_word' id='word_1_209' title='bbox 586 3730 722 3792; x_wconf 69' lang='lat' dir='ltr'><strong>dispansae</strong></span> <span class='ocrx_word' id='word_1_210' title='bbox 741 3731 778 3787; x_wconf 80' lang='lat' dir='ltr'><strong>ia,</strong></span> <span class='ocrx_word' id='word_1_211' title='bbox 797 3742 819 3777; x_wconf 92' lang='lat'><strong>11</strong></span> <span class='ocrx_word' id='word_1_212' title='bbox 839 3728 1040 3778; x_wconf 67' lang='lat' dir='ltr'><strong>lamnandos</strong></span> <span class='ocrx_word' id='word_1_213' title='bbox 1061 3731 1151 3777; x_wconf 75' lang='lat' dir='ltr'><strong>stultus</strong></span> <span class='ocrx_word' id='word_1_214' title='bbox 1170 3728 1211 3777; x_wconf 84' lang='lat' dir='ltr'><strong>ior</strong></span> <span class='ocrx_word' id='word_1_215' title='bbox 1226 3730 1334 3784; x_wconf 61' lang='lat' dir='ltr'><strong>mnam,</strong></span> <span class='ocrx_word' id='word_1_216' title='bbox 1357 3728 1424 3777; x_wconf 85' lang='lat'>1001</span> 
     </span>
     <span class='ocr_line' id='line_1_33' title="bbox 259 3809 1426 3874; baseline 0 -13"><span class='ocrx_word' id='word_1_217' title='bbox 259 3813 390 3874; x_wconf 70' lang='lat' dir='ltr'><strong>fattpeotta</strong></span> <span class='ocrx_word' id='word_1_218' title='bbox 405 3810 445 3860; x_wconf 80' lang='lat' dir='ltr'><strong>lor</strong></span> <span class='ocrx_word' id='word_1_219' title='bbox 459 3812 584 3859; x_wconf 78' lang='lat' dir='ltr'><strong>rellatum.</strong></span> <span class='ocrx_word' id='word_1_220' title='bbox 684 3812 715 3861; x_wconf 82' lang='grc'><strong>68</strong></span> <span class='ocrx_word' id='word_1_221' title='bbox 727 3811 811 3873; x_wconf 72' lang='lat' dir='ltr'><strong>fanto.</strong></span> <span class='ocrx_word' id='word_1_222' title='bbox 833 3812 901 3873; x_wconf 75' lang='lat' dir='ltr'><strong>sono</strong></span> <span class='ocrx_word' id='word_1_223' title='bbox 918 3811 1004 3860; x_wconf 87' lang='lat' dir='ltr'><strong>Bentl.</strong></span> <span class='ocrx_word' id='word_1_224' title='bbox 1023 3809 1076 3860; x_wconf 89' lang='lat' dir='ltr'><strong>and</strong></span> <span class='ocrx_word' id='word_1_225' title='bbox 1091 3809 1171 3859; x_wconf 83' lang='lat' dir='ltr'><strong>Laoh.</strong></span> <span class='ocrx_word' id='word_1_226' title='bbox 1186 3809 1243 3859; x_wconf 82' lang='lat' dir='ltr'><strong>who</strong></span> <span class='ocrx_word' id='word_1_227' title='bbox 1261 3824 1320 3873; x_wconf 80' lang='lat' dir='ltr'><strong>says</strong></span> <span class='ocrx_word' id='word_1_228' title='bbox 1339 3810 1426 3873; x_wconf 76' lang='lat' dir='ltr'><strong>‘soma</strong></span> 
     </span>
     <span class='ocr_line' id='line_1_34' title="bbox 264 3891 1426 3956; baseline -0.002 -14"><span class='ocrx_word' id='word_1_229' title='bbox 264 3907 318 3942; x_wconf 89' lang='lat' dir='ltr'><strong>non</strong></span> <span class='ocrx_word' id='word_1_230' title='bbox 329 3891 414 3943; x_wconf 85' lang='lat' dir='ltr'><strong>omnis</strong></span> <span class='ocrx_word' id='word_1_231' title='bbox 425 3893 570 3943; x_wconf 75' lang='lat' dir='ltr'><strong>necessario</strong></span> <span class='ocrx_word' id='word_1_232' title='bbox 580 3908 672 3954; x_wconf 73' lang='lat' dir='ltr'><strong>mopso</strong></span> <span class='ocrx_word' id='word_1_233' title='bbox 683 3894 723 3942; x_wconf 86' lang='lat' dir='ltr'><strong>ost</strong></span> <span class='ocrx_word' id='word_1_234' title='bbox 730 3895 749 3940; x_wconf 77' lang='grc' dir='ltr'><strong>ἐ</strong></span> <span class='ocrx_word' id='word_1_235' title='bbox 762 3893 830 3956; x_wconf 72' lang='lat' dir='ltr'><strong>fona</strong></span> <span class='ocrx_word' id='word_1_236' title='bbox 840 3907 901 3955; x_wconf 83' lang='lat' dir='ltr'><strong>may</strong></span> <span class='ocrx_word' id='word_1_237' title='bbox 910 3892 943 3942; x_wconf 88' lang='lat' dir='ltr'><strong>be</strong></span> <span class='ocrx_word' id='word_1_238' title='bbox 954 3892 1035 3955; x_wconf 80' lang='lat' dir='ltr'><strong>right:</strong></span> <span class='ocrx_word' id='word_1_239' title='bbox 1056 3907 1099 3942; x_wconf 84' lang='lat' dir='ltr'><strong>seo</strong></span> <span class='ocrx_word' id='word_1_240' title='bbox 1109 3907 1126 3941; x_wconf 85' lang='lat' dir='ltr'>v</span> <span class='ocrx_word' id='word_1_241' title='bbox 1137 3893 1182 3951; x_wconf 84' lang='grc'><strong>75;</strong></span> <span class='ocrx_word' id='word_1_242' title='bbox 1206 3892 1253 3941; x_wconf 91' lang='lat' dir='ltr'><strong>bnt</strong></span> <span class='ocrx_word' id='word_1_243' title='bbox 1262 3894 1338 3954; x_wconf 81' lang='lat' dir='ltr'><strong>samo</strong></span> <span class='ocrx_word' id='word_1_244' title='bbox 1349 3891 1426 3941; x_wconf 63' lang='lat' dir='ltr'><strong>&amp;nm</strong></span> 
     </span>
     <span class='ocr_line' id='line_1_35' title="bbox 265 3972 1424 4037; baseline -0.002 -12"><span class='ocrx_word' id='word_1_245' title='bbox 265 3989 349 4026; x_wconf 82' lang='lat' dir='ltr'><strong>seems</strong></span> <span class='ocrx_word' id='word_1_246' title='bbox 369 3976 396 4025; x_wconf 86' lang='lat' dir='ltr'><strong>to</strong></span> <span class='ocrx_word' id='word_1_247' title='bbox 415 3988 458 4025; x_wconf 88' lang='lat' dir='ltr'><strong>me</strong></span> <span class='ocrx_word' id='word_1_248' title='bbox 476 3989 548 4025; x_wconf 83' lang='lat' dir='ltr'><strong>more</strong></span> <span class='ocrx_word' id='word_1_249' title='bbox 567 3974 697 4037; x_wconf 77' lang='lat' dir='ltr'><strong>emphatio</strong></span> <span class='ocrx_word' id='word_1_250' title='bbox 719 3973 770 4025; x_wconf 84' lang='lat' dir='ltr'><strong>and</strong></span> <span class='ocrx_word' id='word_1_251' title='bbox 792 3974 837 4024; x_wconf 86' lang='lat' dir='ltr'><strong>the</strong></span> <span class='ocrx_word' id='word_1_252' title='bbox 859 3977 931 4024; x_wconf 73' lang='lat' dir='ltr'><strong>dmm</strong></span> <span class='ocrx_word' id='word_1_253' title='bbox 949 3977 976 4026; x_wconf 90' lang='lat' dir='ltr'><strong>to</strong></span> <span class='ocrx_word' id='word_1_254' title='bbox 995 3975 1027 4025; x_wconf 86' lang='lat' dir='ltr'><strong>bo</strong></span> <span class='ocrx_word' id='word_1_255' title='bbox 1046 3975 1194 4037; x_wconf 74' lang='lat' dir='ltr'><strong>equivalent</strong></span> <span class='ocrx_word' id='word_1_256' title='bbox 1212 3976 1240 4023; x_wconf 85' lang='lat' dir='ltr'><strong>to</strong></span> <span class='ocrx_word' id='word_1_257' title='bbox 1259 3987 1293 4023; x_wconf 91' lang='lat' dir='ltr'><strong>an</strong></span> <span class='ocrx_word' id='word_1_258' title='bbox 1312 3972 1424 4035; x_wconf 85' lang='lat' dir='ltr'><strong>epithet.</strong></span> 
     </span>
    </p>

    <p class='ocr_par' dir='ltr' id='par_1_31' title="bbox 258 4056 1428 4285">
     <span class='ocr_line' id='line_1_36' title="bbox 298 4056 1428 4119; baseline -0.003 -9"><span class='ocrx_word' id='word_1_259' title='bbox 298 4059 329 4110; x_wconf 88' lang='grc'><strong>70</strong></span> <span class='ocrx_word' id='word_1_260' title='bbox 346 4058 475 4119; x_wconf 67' lang='lat' dir='ltr'><strong>effi-iopen</strong></span> <span class='ocrx_word' id='word_1_261' title='bbox 487 4056 603 4107; x_wconf 85' lang='lat' dir='ltr'><strong>Prisoian</strong></span> <span class='ocrx_word' id='word_1_262' title='bbox 618 4057 670 4107; x_wconf 86' lang='lat' dir='ltr'><strong>and</strong></span> <span class='ocrx_word' id='word_1_263' title='bbox 681 4058 735 4108; x_wconf 84' lang='lat' dir='ltr'><strong>also</strong></span> <span class='ocrx_word' id='word_1_264' title='bbox 747 4057 760 4106; x_wconf 96' lang='grc' dir='ltr'><strong>Ῑ</strong></span> <span class='ocrx_word' id='word_1_265' title='bbox 772 4056 828 4107; x_wconf 85' lang='lat' dir='ltr'><strong>find</strong></span> <span class='ocrx_word' id='word_1_266' title='bbox 838 4058 908 4107; x_wconf 84' lang='lat' dir='ltr'><strong>Flor.</strong></span> <span class='ocrx_word' id='word_1_267' title='bbox 920 4061 952 4111; x_wconf 80' lang='lat'><strong>29</strong></span> <span class='ocrx_word' id='word_1_268' title='bbox 961 4059 1020 4109; x_wconf 88' lang='lat' dir='ltr'><strong>Vat.</strong></span> <span class='ocrx_word' id='word_1_269' title='bbox 1034 4059 1097 4109; x_wconf 85' lang='grc'>1136</span> <span class='ocrx_word' id='word_1_270' title='bbox 1109 4057 1204 4108; x_wconf 92' lang='lat' dir='ltr'><strong>Othob.</strong></span> <span class='ocrx_word' id='word_1_271' title='bbox 1216 4057 1287 4106; x_wconf 83' lang='lat' dir='ltr'><strong>Mon.</strong></span> <span class='ocrx_word' id='word_1_272' title='bbox 1299 4071 1324 4119; x_wconf 84' lang='lat' dir='ltr'><strong>p.</strong></span> <span class='ocrx_word' id='word_1_273' title='bbox 1334 4071 1369 4105; x_wconf 89' lang='lat' dir='ltr'><strong>m.</strong></span> <span class='ocrx_word' id='word_1_274' title='bbox 1382 4056 1428 4107; x_wconf 75' lang='lat' dir='ltr'><strong>for</strong></span> 
     </span>
     <span class='ocr_line' id='line_1_37' title="bbox 258 4139 1428 4205; baseline -0.002 -13"><span class='ocrx_word' id='word_1_275' title='bbox 258 4139 427 4203; x_wconf 60' lang='lat' dir='ltr'><strong>eonfrinpers,</strong></span> <span class='ocrx_word' id='word_1_276' title='bbox 443 4139 539 4203; x_wconf 76' lang='lat' dir='ltr'><strong>rightly</strong></span> <span class='ocrx_word' id='word_1_277' title='bbox 549 4155 584 4189; x_wconf 92' lang='lat' dir='ltr'><strong>no</strong></span> <span class='ocrx_word' id='word_1_278' title='bbox 598 4139 687 4189; x_wconf 90' lang='lat' dir='ltr'><strong>doubt.</strong></span> <span class='ocrx_word' id='word_1_279' title='bbox 720 4142 838 4191; x_wconf 76' lang='lat' dir='ltr'><strong>virtatem</strong></span> <span class='ocrx_word' id='word_1_280' title='bbox 849 4145 928 4191; x_wconf 75' lang='lat' dir='ltr'><strong>animi</strong></span> <span class='ocrx_word' id='word_1_281' title='bbox 938 4144 1093 4205; x_wconf 71' lang='lat' dir='ltr'><strong>cousrtapere</strong></span> <span class='ocrx_word' id='word_1_282' title='bbox 1107 4141 1178 4190; x_wconf 79' lang='lat' dir='ltr'><strong>Niso.</strong></span> <span class='ocrx_word' id='word_1_283' title='bbox 1277 4140 1308 4192; x_wconf 89' lang='grc'><strong>71</strong></span> <span class='ocrx_word' id='word_1_284' title='bbox 1325 4142 1428 4201; x_wconf 78' lang='lat' dir='ltr'><strong>sopiret</strong></span> 
     </span>
     <span class='ocr_line' id='line_1_38' title="bbox 265 4221 1425 4285; baseline 0 -13"><span class='ocrx_word' id='word_1_285' title='bbox 265 4221 345 4272; x_wconf 86' lang='lat' dir='ltr'><strong>Priso.</strong></span> <span class='ocrx_word' id='word_1_286' title='bbox 362 4222 385 4270; x_wconf 80' lang='lat' dir='ltr'>A</span> <span class='ocrx_word' id='word_1_287' title='bbox 401 4236 465 4271; x_wconf 89' lang='lat' dir='ltr'><strong>oorr.</strong></span> <span class='ocrx_word' id='word_1_288' title='bbox 482 4223 523 4272; x_wconf 80' lang='lat' dir='ltr'><strong>ior</strong></span> <span class='ocrx_word' id='word_1_289' title='bbox 537 4230 645 4285; x_wconf 80' lang='lat' dir='ltr'><strong>caperet.</strong></span> <span class='ocrx_word' id='word_1_290' title='bbox 744 4224 777 4275; x_wconf 76' lang='grc'><strong>74</strong></span> <span class='ocrx_word' id='word_1_291' title='bbox 804 4238 872 4272; x_wconf 80' lang='lat' dir='ltr'><strong>omne</strong></span> <span class='ocrx_word' id='word_1_292' title='bbox 889 4223 912 4272; x_wconf 82' lang='lat' dir='ltr'>A</span> <span class='ocrx_word' id='word_1_293' title='bbox 926 4238 990 4272; x_wconf 80' lang='lat' dir='ltr'><strong>corr.</strong></span> <span class='ocrx_word' id='word_1_294' title='bbox 1006 4222 1076 4272; x_wconf 84' lang='lat' dir='ltr'><strong>Flor.</strong></span> <span class='ocrx_word' id='word_1_295' title='bbox 1095 4225 1128 4272; x_wconf 80' lang='lat'><strong>28</strong></span> <span class='ocrx_word' id='word_1_296' title='bbox 1143 4222 1195 4272; x_wconf 88' lang='lat' dir='ltr'><strong>and</strong></span> <span class='ocrx_word' id='word_1_297' title='bbox 1212 4223 1245 4271; x_wconf 73' lang='grc'><strong>37</strong></span> <span class='ocrx_word' id='word_1_298' title='bbox 1263 4221 1303 4271; x_wconf 83' lang='lat' dir='ltr'><strong>lor</strong></span> <span class='ocrx_word' id='word_1_299' title='bbox 1319 4235 1425 4272; x_wconf 71' lang='lat' dir='ltr'><strong>omnen.</strong></span> 
     </span>
    </p>

    <p class='ocr_par' dir='ltr' id='par_1_32' title="bbox 265 4296 1427 4450">
     <span class='ocr_line' id='line_1_39' title="bbox 297 4296 1427 4366; baseline -0.003 -11"><span class='ocrx_word' id='word_1_300' title='bbox 297 4304 329 4355; x_wconf 88' lang='grc'><strong>77</strong></span> <span class='ocrx_word' id='word_1_301' title='bbox 345 4302 744 4366; x_wconf 63' lang='grc' dir='ltr'><strong>φιαπαῃιΔοοπᾹοτᾳιιαηιωη.</strong></span> <span class='ocrx_word' id='word_1_302' title='bbox 817 4305 849 4353; x_wconf 81' lang='grc'><strong>83</strong></span> <span class='ocrx_word' id='word_1_303' title='bbox 866 4311 949 4366; x_wconf 75' lang='lat' dir='ltr'><strong>otth.</strong></span> <span class='ocrx_word' id='word_1_304' title='bbox 983 4318 1013 4353; x_wconf 87' lang='lat' dir='ltr'><strong>ac</strong></span> <span class='ocrx_word' id='word_1_305' title='bbox 1025 4303 1047 4351; x_wconf 93' lang='lat' dir='ltr'><strong>B</strong></span> <span class='ocrx_word' id='word_1_306' title='bbox 1059 4303 1111 4353; x_wconf 88' lang='lat' dir='ltr'><strong>and</strong></span> <span class='ocrx_word' id='word_1_307' title='bbox 1122 4304 1193 4353; x_wconf 86' lang='lat' dir='ltr'><strong>Gott.</strong></span> <span class='ocrx_word' id='word_1_308' title='bbox 1271 4302 1303 4350; x_wconf 80' lang='grc'><strong>84</strong></span> <span class='ocrx_word' id='word_1_309' title='bbox 1320 4296 1427 4352; x_wconf 57' lang='lat' dir='ltr'><strong>&#39;Tritani</strong></span> 
     </span>
     <span class='ocr_line' id='line_1_40' title="bbox 265 4384 1426 4450; baseline -0.001 -14"><span class='ocrx_word' id='word_1_310' title='bbox 265 4384 344 4436; x_wconf 88' lang='lat' dir='ltr'><strong>Priso.</strong></span> <span class='ocrx_word' id='word_1_311' title='bbox 360 4385 400 4435; x_wconf 82' lang='lat' dir='ltr'><strong>for</strong></span> <span class='ocrx_word' id='word_1_312' title='bbox 415 4385 525 4436; x_wconf 79' lang='lat' dir='ltr'><strong>Triviot.</strong></span> <span class='ocrx_word' id='word_1_313' title='bbox 625 4387 656 4436; x_wconf 80' lang='lat'><strong>85</strong></span> <span class='ocrx_word' id='word_1_314' title='bbox 673 4388 838 4449; x_wconf 73' lang='lat' dir='ltr'><strong>Iphianassai</strong></span> <span class='ocrx_word' id='word_1_315' title='bbox 853 4387 876 4435; x_wconf 79' lang='lat' dir='ltr'>A</span> <span class='ocrx_word' id='word_1_316' title='bbox 890 4401 954 4436; x_wconf 87' lang='lat' dir='ltr'><strong>oorr.</strong></span> <span class='ocrx_word' id='word_1_317' title='bbox 970 4387 1065 4437; x_wconf 77' lang='lat' dir='ltr'><strong>Arane.</strong></span> <span class='ocrx_word' id='word_1_318' title='bbox 1085 4387 1124 4436; x_wconf 85' lang='lat' dir='ltr'><strong>lor</strong></span> <span class='ocrx_word' id='word_1_319' title='bbox 1141 4388 1299 4450; x_wconf 68' lang='lat' dir='ltr'><strong>Iphianassai.</strong></span> <span class='ocrx_word' id='word_1_320' title='bbox 1333 4385 1426 4447; x_wconf 77' lang='lat' dir='ltr'><strong>Iphia-</strong></span> 
     </span>
    </p>
   </div>
   <div class='ocr_carea' id='block_1_3' title="bbox 0 0 1558 4984">
    <p class='ocr_par' dir='ltr' id='par_1_33' title="bbox 0 0 1558 4984">
     <span class='ocr_line' id='line_1_41' title="bbox 0 0 1558 4984; baseline 0 0"><span class='ocrx_word' id='word_1_321' title='bbox 0 0 1558 4984; x_wconf 95' lang='lat' dir='ltr'><strong> </strong></span> 
     </span>
    </p>
   </div>
  </div>
 </body>
</html>
