3092 4984
657 336 706 402 VI

181 490 331 576 undique
353 487 403 554 uti
425 488 577 554 tenebras
598 488 704 554 omnis
725 489 917 556 Acherunta
937 513 1067 558 reamur

181 595 318 681 liquisse
339 603 374 659 et
395 615 530 678 magnas
551 593 632 658 caeli
654 594 832 681 complesse
853 617 1023 662 cavernas:

182 720 290 784 usque
312 696 391 763 adeo
412 704 520 761 taetra
541 696 727 761 nimborum
749 706 845 762 nocte
867 707 977 763 morta

183 800 367 887 inpendent
388 808 478 864 atrae
500 798 682 863 formidinis
703 822 759 863 ora
781 822 939 885 superne:

184 927 261 970 cum
284 903 462 968 commoliri
483 911 660 988 tempestas
681 903 820 968 fulmina
841 912 978 989 coeptat.
1196 921 1258 990 255

184 1018 357 1096 praeterea
377 1029 532 1095 persaepe
554 995 647 1093 niger
668 1030 797 1094 quoque
818 1031 877 1095 per
898 1031 988 1074 mare
1010 1009 1149 1088 nimbus,

185 1121 226 1177 ut
248 1111 329 1197 picis
350 1135 369 1177 e
392 1111 480 1176 eaelo
503 1111 680 1177 demissum
702 1111 834 1188 flumen,
857 1112 892 1176 in
914 1111 1033 1204 undas?

185 1217 232 1281 sio
254 1215 342 1280 eadit
364 1215 496 1281 effertus
518 1216 662 1281 tenebris
684 1216 797 1302 procul
819 1224 854 1282 et
875 1217 979 1282 trehit
996 1225 1103 1283 atram

186 1319 379 1383 fulminibus
399 1318 569 1404 gravidam
591 1327 822 1405 tempestatem
843 1331 942 1408 atque
965 1322 1121 1407 procellis,

187 1421 318 1506 ignibus
339 1442 377 1485 ac
399 1421 507 1486 ventis
528 1443 603 1486 cum
624 1423 739 1508 primis
760 1424 830 1509 ipse
851 1425 1005 1510 repletus,

186 1526 222 1590 in
244 1533 333 1590 terra
354 1548 484 1611 quoque
507 1534 545 1591 ut
567 1527 753 1592 horrescant
776 1550 814 1592 ec
834 1537 924 1594 tecte
944 1529 1119 1615 requirant.

187 1629 233 1695 sio
255 1629 356 1715 igitur
377 1652 495 1716 supera
515 1640 663 1696 nostrum
685 1641 784 1717 caput
806 1655 875 1699 esse
897 1634 1113 1719 putandumst

189 1741 418 1818 tempestatem
440 1733 549 1798 altam.
572 1755 678 1820 neque
701 1736 790 1799 enim
813 1735 949 1821 caligine
972 1745 1066 1802 tanta

188 1829 363 1903 obfuerent
384 1847 494 1915 terras,
508 1838 578 1903 -nisi
603 1838 810 1904 inaedificata
830 1862 969 1925 superne

188 1942 295 2008 multa
315 1942 422 2007 forent
442 1942 556 2007 multis
578 1952 731 2029 exempto
754 1944 869 2009 nubila
892 1943 979 2023 sole;

187 2068 247 2111 nec
268 2055 362 2112 tanto
383 2057 516 2134 possent
537 2048 706 2113 venientes
728 2049 911 2134 opprimere
933 2048 1039 2124 imbri,
1135 2078 1139 2086 ·

188 2148 326 2214 flumina
348 2150 576 2215 abundarent
600 2150 743 2215 facerent
766 2171 963 2235 camposque
986 2158 1108 2228 natare,

191 2259 218 2318 si
244 2277 310 2319 non
336 2255 492 2320 extructis
514 2255 599 2320 foret
622 2255 688 2320 alte
711 2254 854 2320 nubibus
878 2255 1000 2320 aether.

190 2359 242 2425 hic
265 2359 366 2445 igitur
389 2359 496 2424 ventis
519 2367 619 2445 atque
642 2359 771 2445 ignibus
795 2360 904 2426 omnia
926 2361 1024 2446 plena

188 2471 285 2544 sunt;
310 2463 382 2529 ideo
405 2463 526 2549 passim
549 2463 699 2529 fremitus
722 2473 756 2530 et
780 2464 917 2558 fulgura
930 2465 1023 2550 fiunt.

188 2567 309 2653 quippe
333 2568 455 2633 etenim
479 2589 577 2652 supra
600 2567 694 2632 docui
717 2568 882 2654 permulta
904 2568 1030 2655 vaporis

187 2669 313 2734 semina
335 2669 455 2734 hebere
479 2691 572 2734 cevas
596 2669 700 2734 nubes
724 2679 759 2734 et
783 2670 889 2735 multa
912 2678 1072 2737 necessest

188 2772 355 2859 concipere
379 2796 419 2839 ex
444 2773 519 2838 solis
543 2774 641 2838 radiis
664 2774 841 2858 ardoreque
865 2795 985 2839 eorum

188 2876 249 2940 hoc
271 2876 329 2940 ubi
350 2890 469 2942 ventus
492 2899 547 2942 eas
570 2877 659 2942 idern
683 2877 740 2961 qui
766 2877 853 2963 cogit
876 2876 912 2941 in
936 2900 1039 2943 unum

188 2979 271 3044 forte
294 2979 401 3044 locum
425 2980 581 3065 quemvis,
606 2981 765 3065 expressit
790 2982 895 3047 multe
918 2982 1045 3068 vaporis

187 3081 313 3146 semina
335 3103 434 3167 seque
458 3081 555 3147 simul
578 3105 653 3146 cum
678 3105 715 3148 eo
740 3083 944 3149 commiscuit
968 3084 1044 3170 igni,

188 3184 371 3250 insinuatus
394 3186 441 3250 ibi
465 3195 579 3252 vortex
602 3195 760 3253 versatur
773 3187 807 3251 in
834 3196 904 3253 arto

188 3296 224 3352 et
247 3288 359 3352 calidis
382 3288 471 3354 acuit
494 3289 620 3354 fulmen
643 3289 826 3355 fornacibus
851 3291 948 3355 intus.

149 3415 155 3422 ·
188 3411 266 3453 nam
290 3388 413 3476 duplici
435 3390 562 3458 ratione
585 3392 781 3470 accenditur,
807 3394 877 3479 ipse
901 3415 961 3457 sua
984 3414 1059 3457 cum

188 3492 371 3557 mobilitate
395 3493 525 3559 calescit
549 3504 584 3560 et
607 3517 626 3559 e
650 3496 841 3582 contagibus
865 3497 957 3581 iguis.

189 3595 266 3661 inde
289 3596 347 3661 ubi
369 3596 528 3682 percaluit
551 3599 642 3663 venti
667 3599 716 3663 vis
740 3608 770 3665 et
791 3599 898 3685 gravis
923 3597 1009 3684 ignis

188 3696 332 3785 impetus
355 3699 495 3777 incessit,
522 3711 688 3766 maturum
712 3710 787 3767 tum
811 3701 903 3787 quasi
927 3701 1053 3767 fulmen

188 3801 366 3887 perscindit
389 3803 496 3868 subito
520 3805 651 3884 nubem,
675 3804 844 3890 ferturque
868 3805 1022 3870 coruscis«

90 3978 181 4033 Lacln
193 3979 233 4029 for
244 3986 311 4030 usuc.
409 3982 457 4034 257
474 3983 605 4030 mmm
615 3983 712 4045 flumen
722 3980 796 4030 sunt.
808 3981 849 4030 for
859 3982 1098 4045 dimiseumsnlmeu.
1131 3984 1263 4032 &misem

85 4067 195 4131 fulmen
206 4063 271 4113 Mer.
282 4064 379 4114 Arane.
390 4063 475 4113 which
490 4064 514 4113 is
529 4062 651 4126 repeated
662 4078 691 4112 es
702 4077 718 4112 e
729 4063 871 4113 correction
886 4065 914 4113 at
931 4062 977 4114 the
989 4063 1040 4114 end
1049 4065 1078 4113 ol
1090 4063 1133 4114 his
1144 4063 1262 4115 Catullus

17 4201 18 4214 p
94 4145 153 4197 and
160 4149 233 4196 must
243 4146 275 4196 be
285 4145 431 4209 smisprlnt
442 4147 591 4211 lerflumeu.
684 4146 734 4196 758
745 4147 844 4208 effertus
856 4144 935 4195 Lech.
946 4146 1114 4209 foretsertur.
1148 4153 1173 4195 et
1177 4147 1264 4207 sertin

91 4230 168 4298 gulg.
267 4228 317 4279 769
331 4230 407 4291 pterea
418 4228 531 4278 meniu
542 4227 631 4278 (lamb.
643 4226 714 4276 Mon.
726 4229 776 4277 etc.
788 4228 927 4292 lorpluuc.
1025 4230 1073 4280 777
1088 4230 1175 4278 baben
1186 4228 1262 4276 Pont.

96 4311 167 4360 Mer.
178 4307 258 4358 elul
276 4309 351 4359 sunt.
362 4308 403 4359 for
421 4310 547 4359 haedere.
581 4311 629 4358 bae
640 4310 708 4358 dere
720 4309 793 4358 Nico.
858 4310 907 4360 777
923 4315 979 4359 orto
996 4307 1197 4358 Lesbiorum.

131 4393 180 4441 281
192 4394 263 4441 cenet
272 4393 313 4442 ete
323 4397 348 4440 et
357 4394 443 4455 presb
454 4394 522 4454 ipen
537 4391 625 4442 Bentl.
638 4391 678 4440 fer
692 4393 781 4454 precis
797 4394 868 4442 venti
883 4394 924 4442 nis
939 4393 1003 4454 ieret.
1034 4392 1152 4454 prnetda,
1163 4396 1209 4439 cut
1223 4391 1263 4439 ets
