3092 4984
709 347 758 412 IV
1254 358 1309 437 185

242 508 329 572 haud
351 508 452 593 igitur
474 506 641 572 dubiumst
663 506 744 593 quin
765 528 858 571 voces
879 507 1043 593 verbaque
1064 516 1214 574 constent

241 613 399 698 corporeis
421 634 440 675 e
461 611 635 696 principiis,
658 620 697 675 ut
719 610 846 676 laedere
868 611 1000 696 possint.

241 737 301 778 nec
323 724 357 779 te
378 714 464 778 fallit
486 714 566 778 item
589 713 668 798 quid
691 714 831 799 corporis
853 715 980 779 auferat
1002 723 1035 780 et
1057 715 1138 802 quid
1248 732 1263 800 5
1270 732 1308 800 55

242 817 392 882 detrahat
414 840 456 881 ex
478 816 648 881 hominum
671 818 778 881 nervis
801 840 838 882 ac
860 817 982 882 viribus
1005 818 1083 904 ipsis

241 931 418 1006 perpetuus
441 941 546 984 sermo
569 920 674 1005 nigrai
698 921 803 985 noctis
827 920 869 984 ad
893 921 1043 985 umbram

242 1046 375 1089 aurorae
396 1021 572 1108 perductus
596 1023 638 1086 ab
663 1025 831 1088 exoriente
855 1024 970 1103 nitore,

241 1128 429 1214 praesertim
452 1126 577 1191 sicum
599 1139 758 1193 summost
781 1128 918 1193 clamore
942 1129 1098 1215 profusus.

241 1253 316 1317 ergo
339 1252 522 1316 corpoream
546 1252 660 1294 vocem
684 1239 830 1295 constare
854 1235 1023 1310 necessest,
1249 1247 1313 1315 540

240 1336 346 1401 multe
367 1334 502 1420 loquens
523 1335 678 1419 quoniam
701 1336 826 1400 emittit
848 1336 889 1400 dc
911 1358 1041 1422 corpore
1063 1346 1198 1423 partem

154 1455 214 1522 551
242 1439 397 1524 asperitas
418 1446 531 1502 autem
554 1439 640 1503 vocis
662 1437 701 1503 fit
723 1439 764 1502 ab
788 1440 963 1524 asperitate

240 1541 472 1628 principiorum
494 1543 632 1606 etitem
654 1542 742 1606 levor
764 1542 871 1607 levore
893 1552 1027 1610 creatur.

153 1659 217 1726 542
240 1665 300 1709 nec
322 1643 420 1708 simili
442 1651 618 1729 penetrant
639 1643 726 1708 euris
748 1645 926 1730 primordia
946 1646 1056 1725 forma,

240 1771 315 1814 curn
337 1749 418 1813 tuba
439 1748 589 1833 depresso
610 1750 753 1834 graviter
776 1750 837 1813 sub
858 1771 1024 1815 murmure
1047 1751 1154 1837 mugit
1246 1768 1306 1835 545

239 1861 274 1918 et
295 1852 407 1916 reboet
428 1874 562 1916 raucum
584 1853 673 1938 regio
695 1852 761 1917 cite
783 1854 920 1918 barbare
940 1854 1105 1931 bombum,

154 1972 214 2041 545
240 1967 275 2023 et
295 1956 412 2021 validis
434 1957 525 2041 cycni
546 1956 745 2021 torrentibus
767 1979 809 2020 ex
831 1956 998 2020 Heliconis

239 2082 313 2125 cum
335 2057 494 2144 liquidem
515 2057 636 2122 tollunt
657 2057 788 2142 lugubri
809 2079 886 2122 voce
908 2057 1092 2142 querellam

283 2162 390 2227 Hasce
412 2162 514 2247 igitur
534 2162 666 2246 penitus
687 2183 780 2225 voces
803 2182 878 2224 cum
900 2181 1030 2245 corpore
1052 2168 1160 2226 nostro

239 2268 450 2353 exprimimus
471 2274 624 2351 rectoque
645 2266 729 2330 fores
752 2265 931 2331 emittimus
954 2287 1017 2340 ore,
1246 2278 1311 2347 550

239 2372 368 2437 mobilis
389 2372 541 2435 articulet
562 2371 735 2435 verborum
757 2369 894 2435 daedala
915 2369 1027 2455 lingue

178 2491 221 2558 50
240 2476 483 2559 formaturaque
505 2474 670 2539 labrorum
691 2497 749 2561 pro
771 2483 864 2561 parte
886 2474 1013 2560 figurat.

153 2595 169 2662 5
175 2594 191 2661 5
197 2597 214 2661 3
239 2579 300 2644 hoc
321 2578 378 2643 ubi
401 2600 466 2642 non
488 2578 622 2662 longum
644 2578 818 2664 spatiumst
840 2579 928 2644 unde
951 2602 1017 2644 une
1037 2578 1181 2665 profecta

238 2684 407 2769 perveniat
430 2705 491 2748 vox
513 2705 671 2768 quaeque,
694 2690 854 2747 necessest
875 2684 975 2747 verba.
997 2704 1124 2768 quoque
1146 2685 1218 2770 ipsa

237 2786 334 2872 plane
357 2784 504 2850 exaudiri
526 2785 729 2871 discernique
750 2785 967 2863 articulatim
1246 2798 1304 2867 555

238 2899 346 2955 servat
368 2890 456 2954 enim
477 2889 688 2954 formaturam
710 2899 881 2975 servatque
902 2890 1048 2976 figuram

238 3001 274 3058 et
295 2991 323 3056 si
344 2990 574 3075 interpositum
596 2991 740 3076 spatium
762 2993 806 3056 sit
828 2992 956 3078 longius
978 3013 1090 3078 ecquo,

150 3160 256 3224 hodius
265 3175 282 3212 e
292 3160 426 3224 desperate
441 3176 556 3225 pmcnge.
589 3164 721 3213 rediterB
733 3163 848 3215 Politian
864 3165 893 3215 in
909 3180 990 3228 marg.
1002 3165 1125 3216 Procne:
1144 3164 1264 3229 (creditor
1279 3164 1309 3215 in

149 3244 225 3307 text).
258 3241 388 3291 redituri
399 3241 484 3303 Nicc.;
501 3242 583 3293 hence
594 3246 709 3294 redditur
719 3245 827 3294 Flor.81
845 3245 934 3295 cumb.
945 3245 1014 3308 vulg.
1026 3243 1078 3294 und
1089 3246 1116 3292 io
1128 3242 1184 3306 give
1194 3258 1210 3293 e
1220 3258 1309 3294 meen-

150 3325 197 3389 ing
212 3327 241 3375 ic
256 3325 302 3376 the
318 3340 434 3388 passage.
445 3325 511 3375 Mar.
522 3326 596 3376 iuni.
608 3326 659 3376 edd
675 3342 691 3376 a
706 3341 780 3377 verse
790 3328 881 3376 Rauca
892 3330 950 3386 ciii,
963 3334 987 3376 et
1002 3328 1052 3375 iter
1063 3326 1213 3387 laeditque
1228 3340 1276 3374 occ
1288 3327 1310 3374 it

151 3413 180 3460 iu
191 3425 281 3468 aaron
298 3409 393 3459 Arene.
405 3408 496 3472 tnkr'ng
512 3412 563 3459 orie
574 3425 603 3460 ee
615 3424 630 3459 ο
641 3409 708 3472 plur.
720 3409 783 3458 thus
794 3410 884 3458 Rauca
895 3411 956 3467 cuia,
968 3415 993 3457 et
1009 3410 1058 3457 iter
1067 3408 1152 3457 reddit
1168 3421 1218 3469 quc
1227 3421 1276 3455 occ
1288 3409 1310 3456 it

150 3495 180 3543 in
190 3507 275 3543 uerna.
374 3492 482 3541 542543
495 3491 622 3556 (551552)
639 3490 736 3555 rightly
754 3490 846 3554 placed
862 3491 925 3541 here
942 3490 976 3553 by
993 3489 1085 3539 Lemb.
1097 3488 1162 3537 fimi.
1261 3488 1309 3538 543

150 3576 205 3625 levo
217 3577 303 3625 ledere
314 3575 368 3624 AB.
402 3577 464 3625 leuis
480 3577 561 3624 iecore
573 3575 638 3623 Mer.
650 3574 707 3624 Ald.
720 3575 734 3623 1
752 3575 827 3624 Junt.
861 3576 946 3623 laevor
957 3575 1053 3622 laevore
1070 3569 1162 3620 anb.
1260 3569 1309 3620 545

149 3670 275 3705 uomere
286 3654 356 3705 Brix.
369 3654 444 3704 Pont
457 3655 521 3704 Mar.
534 3654 615 3704 Aldl
628 3655 702 3704 Junt.
714 3656 754 3704 ior
764 3670 902 3704 memoro.
1001 3654 1049 3704 546
1060 3655 1097 3702 Et
1110 3655 1196 3703 reboat
1206 3667 1310 3702 roncum

149 3740 220 3800 cepio
238 3740 292 3787 cito
311 3739 418 3786 barbara
435 3736 516 3787 Lech.
532 3737 572 3786 ior
587 3739 624 3786 Et
640 3744 739 3786 recorot
756 3752 861 3786 raucum
877 3743 944 3787 reiro
963 3737 1016 3786 cite
1035 3737 1157 3784 turbore:
1174 3733 1220 3783 the
1239 3733 1311 3785 older

149 3820 269 3883 reedings
280 3835 324 3871 ere
334 3821 432 3884 mostly
441 3823 485 3871 too
496 3819 590 3869 nbsurd
606 3823 633 3869 to
644 3820 676 3870 be
688 3818 846 3869 mentioned.
880 3819 1051 3883 Berecynthio
1063 3819 1174 3866 barbara
1185 3816 1221 3865 Is.
1233 3815 1309 3866 Voss.

149 3901 179 3954 in
188 3916 238 3951 ms.
245 3904 320 3951 notes
328 3901 381 3951 end
387 3901 416 3949 in
425 3901 557 3951 Catullus:
572 3902 743 3965 Berecynthia
751 3916 847 3950 cernon
853 3899 941 3950 Bentl.
1034 3900 1081 3951 547
1090 3901 1127 3948 Ei
1134 3900 1228 3948 valide
1235 3900 1310 3963 cycni

150 3984 302 4036 torrentibus
321 3997 353 4030 ec
372 3983 506 4031 Heliconia
526 3981 562 4031 Is.
579 3981 653 4031 Voss.
671 3981 700 4030 in
717 3996 767 4030 ms.
784 3983 860 4031 notes
878 3982 919 4030 ior
937 3983 974 4030 Et
992 3983 1089 4031 ociidia
1108 3982 1175 4029 necti
1191 3982 1264 4029 tortia
1278 3994 1310 4028 ec

148 4065 285 4115 Heliconis
295 4063 323 4113 ol
338 4063 374 4112 A:
392 4062 438 4112 the
454 4062 551 4113 middle
562 4063 644 4112 words
661 4063 688 4113 ol
703 4063 758 4113 this
773 4063 837 4123 line,
849 4079 878 4113 ee
894 4064 922 4114 oi
937 4063 982 4114 the
998 4062 1143 4126 preceding,
1155 4076 1219 4111 were
1230 4060 1309 4111 muti·

147 4145 220 4197 leted
235 4146 269 4210 by
285 4160 357 4196 come
373 4144 497 4195 accident.
530 4147 568 4194 Et
582 4148 657 4210 cycni
674 4149 745 4195 tortia
756 4148 913 4196 convallibus
924 4146 1005 4197 Lech.
1038 4154 1093 4196 nete
1106 4146 1177 4195 tertie
1188 4144 1234 4194 BA
1244 4158 1311 4193 corr.

147 4245 209 4282 nece
221 4229 390 4279 contitinet
406 4227 489 4279 hence
506 4242 522 4279 e
540 4231 598 4279 vest
617 4227 716 4292 cuncty
733 4229 761 4278 oi
777 4231 879 4292 sminge
898 4229 1025 4292 continge,
1038 4227 1102 4278 such
1121 4240 1151 4276 cs
1166 4227 1203 4275 Ei
1217 4227 1310 4286 pelicis

148 4312 225 4376 cycni
236 4317 306 4360 nocte
317 4312 369 4359 oric
380 4309 408 4358 ol
417 4309 497 4359 Bern.
594 4310 644 4359 550
660 4312 795 4359 emittimur
807 4310 830 4358 A
840 4323 904 4358 corr.
916 4310 957 4358 tor
967 4311 1098 4358 mittimus.
1196 4305 1244 4353 551
1255 4318 1309 4352 oer-

149 4396 238 4446 com
254 4393 348 4445 humb.
360 4392 401 4443 lor
410 4408 551 4444 nervorum.
649 4393 698 4443 553
711 4398 717 4420 ‘
728 4391 785 4455 lego
795 4407 857 4451 uno,
869 4404 1038 4453 uncquseque
1054 4401 1105 4438 vox
1120 4383 1261 4449 perveniat.
1272 4383 1309 4433 B’
