3092 4984
695 230 712 351 i
1242 304 1277 370 μ

205 431 292 502 unde
314 434 459 503 animale
479 458 583 525 genus
604 438 784 524 generatim
807 437 841 502 in
864 436 989 505 lumina
1007 439 1095 506 vitae

205 539 352 604 redducit
373 540 498 618 Venus,
520 549 580 606 aut
601 540 792 606 redductum
815 541 950 607 daedala
971 543 1067 607 tellus

206 642 292 708 unde
314 644 376 707 alit
397 651 499 729 atque
520 652 620 730 auget
641 646 820 730 generatim
841 647 962 732 pabula
982 648 1161 733 praebensi

206 747 291 812 unde
312 770 404 814 mare
427 749 580 836 ingenuei
602 750 707 817 fontes
728 758 927 837 externaque
947 752 1043 838 longe
1217 769 1282 834 230

207 847 343 915 flumina
364 851 598 937 suppeditant?
620 852 707 917 unde
727 844 842 919 aether
863 854 969 919 sidera
989 855 1114 941 pascit?

208 955 317 1019 omnia
338 955 428 1020 enim
450 955 558 1037 debet,
580 956 709 1021 mortali
731 979 861 1044 corpore
883 980 966 1044 quae
988 967 1073 1035 sunt,

207 1056 337 1122 infinita
358 1065 450 1122 aetas
472 1079 664 1143 consumpse
684 1067 837 1124 anteacta
858 1059 1001 1146 diesque.

206 1159 294 1245 qood
315 1161 344 1225 si
365 1160 403 1225 in
425 1182 465 1225 oo
486 1161 591 1247 spatio
613 1172 711 1247 atque
733 1171 884 1229 anteacta
905 1172 1013 1230 aetate
1035 1163 1124 1229 fuere

207 1287 227 1329 e
247 1265 369 1350 qm'bus
390 1266 472 1331 haec
492 1288 602 1331 rernm
624 1267 768 1333 consistit
791 1291 919 1334 summa
939 1269 1068 1347 reiecta,

207 1367 373 1433 inmortali
396 1376 474 1433 sunt
495 1376 614 1433 nutura
635 1370 782 1454 praedita
803 1380 897 1450 certe,

207 1471 288 1535 haut
310 1470 415 1556 igitur
435 1479 571 1557 possunt
592 1471 634 1536 sd
655 1473 759 1538 nilum
782 1497 929 1562 quaeque
950 1475 1081 1550 reverti.

208 1576 349 1662 denique
370 1599 423 1641 res
444 1577 550 1641 omnis
571 1576 686 1642 eadem
707 1579 755 1643 vis
777 1601 936 1665 causaque
957 1580 1051 1665 volgo

208 1682 388 1761 conficeret,
411 1682 475 1747 nisi
496 1682 649 1746 materies
670 1692 802 1748 aeterna
822 1692 960 1762 teneret,

208 1785 294 1850 inter
314 1808 350 1851 se
371 1806 459 1851 nexu
482 1785 591 1850 minus
612 1793 670 1850 aut
692 1787 795 1873 magis
816 1786 1009 1874 indupedita
1012 1810 1028 1873 3

208 1896 315 1953 tactus
337 1888 427 1954 enim
449 1888 508 1953 leti
530 1889 608 1953 satis
630 1898 715 1954 esset
736 1912 834 1955 causa
854 1889 1010 1976 proiecto,

208 1989 344 2075 quippe
359 1990 418 2054 ubi
441 1990 532 2055 nulla
553 1990 660 2056 forent
680 2000 815 2057 aeterno
837 2012 977 2076 corpore,
1000 2012 1137 2076 quorum

209 2084 398 2158 contextum
419 2093 470 2157 vis
491 2092 626 2159 deberet
647 2094 822 2159 dissolvere
845 2115 1007 2179 quaeque.

209 2207 245 2264 at
265 2221 360 2274 nunc,
385 2197 471 2262 inter
492 2220 527 2262 se
548 2197 628 2284 quia
649 2221 750 2264 nexus
773 2196 1005 2284 principiorum

209 2301 380 2366 dissimiles
401 2308 553 2365 constent
573 2310 768 2387 aeternaque
790 2301 943 2365 materies
965 2309 1023 2376 est,

209 2407 361 2471 ineolumi
384 2414 556 2471 remanent
577 2426 628 2468 res
649 2426 788 2495 corpore,
810 2405 889 2469 dum
911 2403 990 2469 satis
1011 2403 1091 2469 acris

209 2509 259 2573 vis
278 2510 375 2574 obest
396 2530 455 2595 pro
476 2516 609 2572 textura
631 2507 785 2591 cuiusque
807 2516 942 2593 reperte.

210 2611 296 2676 haud
317 2611 420 2697 igitur
440 2609 526 2674 redit
547 2608 590 2674 ad
612 2609 716 2673 nilum
737 2631 789 2674 res
811 2610 886 2686 ulla,
909 2609 965 2675 sed
985 2630 1097 2675 omnes

210 2715 342 2781 discidio
362 2715 503 2780 redeunt
525 2714 558 2777 in
581 2734 713 2799 corpora
733 2712 889 2779 materiai.

209 2829 371 2904 postremo
392 2826 531 2903 pereunt
553 2814 680 2891 imbres,
702 2814 759 2879 ubi
782 2836 836 2879 eos
856 2822 950 2900 pater
970 2813 1084 2879 aether

209 2924 243 2986 in
263 2921 427 3007 gremium
447 2918 561 2984 matris
581 2918 680 2983 terrui
702 2916 927 3003 praecipitavit
937 2940 947 2997 ;

208 3036 244 3092 at
264 3026 389 3115 nitidae
411 3032 548 3110 surgunt
569 3023 677 3111 fruges
698 3021 844 3107 ramique
866 3018 1028 3082 virescunt

208 3130 384 3207 arboribus,
407 3135 554 3193 crescunt
574 3126 663 3212 ipsae
684 3125 819 3210 fetuque
840 3129 1037 3209 gravantur3

208 3234 285 3299 hinc
306 3222 407 3297 ulitur
426 3252 520 3317 porro
541 3238 689 3295 nostrum
709 3249 814 3313 genus
835 3235 936 3310 atque
958 3223 1107 3299 ferarum,

209 3337 285 3401 binc
306 3336 409 3401 laetas
429 3335 524 3400 urbes
545 3332 655 3419 pueris
676 3332 790 3397 florere
812 3330 961 3395 videmus

209 3440 462 3524 frondiferasque
482 3437 575 3502 novis
596 3436 709 3502 avibus
730 3455 846 3500 canere
868 3430 1014 3516 undique
1036 3427 1131 3492 silvas
1142 3452 1152 3510 ;

209 3544 286 3609 hinc
307 3544 410 3608 fessae
431 3541 570 3628 pecudes
591 3540 705 3626 pingui
726 3560 786 3625 per
807 3537 928 3622 pabula
949 3536 1037 3600 laeta

211 3669 343 3734 corpora
364 3647 532 3732 deponunt
554 3654 588 3709 et
610 3634 751 3709 candens
773 3642 896 3708 lacteus
917 3662 1011 3707 umor

210 3752 364 3817 uberibus
385 3760 498 3816 manat
519 3748 691 3830 distentis3
714 3748 792 3813 blnc
812 3770 897 3813 nova
917 3747 1022 3833 proles

209 3855 345 3921 artubus
367 3853 504 3919 infirmis
525 3860 654 3917 teneras
676 3852 795 3917 lasciva
814 3873 873 3937 per
894 3851 1009 3915 herbas
1217 3849 1281 3915 260
1402 3896 1406 3904 ·

128 4008 466 4083 mirembiorosieqoid„
564 4014 862 4079 blicsddodbyNioo.
961 4009 1280 4063 monemuthenses

127 4112 199 4157 nore,
223 4101 339 4161 mmai
357 4099 440 4149 Issoln
457 4095 511 4147 sud
526 4096 577 4147 Ed.
596 4096 626 4145 in
644 4095 717 4147 cdl.
749 4104 907 4159 amnem.
930 4101 1077 4156 auumque
1096 4089 1177 4169 Issob.
1201 4090 1281 4150 me.

127 4179 280 4242 lenitura
294 4179 347 4230 und
360 4177 507 4230 named
520 4180 543 4227 1.
641 4180 691 4229 24⁰
705 4180 772 4229 aad»
786 4178 857 4228 Mon.
874 4176 948 4226 tunt.
964 4176 1004 4226 ior
1017 4189 1103 4224 nem
1136 4168 1282 4223 Lambed.

89 4294 93 4299 ·
127 4255 1250 4328 ltussmtnewedlissmisprint)mutsarpmo;0uumm.„eodoprara.

125 4345 173 4395 ²⁶7
185 4347 275 4409 pimus
292 4346 354 4397 lun.
374 4343 553 4407 Philsrssyrius
574 4347 601 4394 to
620 4342 691 4406 virg.
708 4332 1285 4406 gmr.1111mt0rpin9so,ufleynetharo

1113 4434 1198 4497 4-2
