3092 4984
244 316 304 381 116
799 308 834 372 ΙΙ

325 484 467 551 namque
488 461 552 527 alio
573 481 686 527 sensus
707 459 928 525 membrorum
948 457 1080 546 respicit
1102 457 1215 537 omnis,

326 589 385 633 neo
406 588 523 632 manus
544 588 565 632 a
586 565 678 632 nobis
698 565 786 651 potis
807 572 857 630 est
878 573 1002 630 secreta
1022 586 1128 651 neque
1152 564 1217 630 ulla

326 671 465 758 eorporis
486 670 617 736 omnino
639 691 769 736 sensum
791 689 866 755 pars
887 668 955 732 sola
975 676 1095 734 tenere.

325 775 486 861 linquitur
505 782 544 840 ut
565 774 643 840 totis
664 773 886 839 animantibus
906 772 1150 838 adsimulentur.

240 897 303 963 923
327 880 372 944 sio
394 879 509 945 itidem
531 901 615 965 quae
637 878 796 945 sentimus
817 877 938 944 sentire
959 884 1128 956 necessest,
1332 887 1397 956 915

240 998 302 1067 915
327 982 420 1047 vitali
441 990 480 1047 ut
500 981 626 1068 possint
647 981 828 1046 eonsentire
849 979 994 1065 undique
1016 1000 1120 1044 sensu

327 1086 385 1173 qui
405 1093 560 1173 poterunt
580 1086 681 1172 igitur
701 1106 811 1150 rerum
832 1082 1008 1170 primordia
1029 1081 1092 1148 diei

329 1198 363 1256 et
383 1190 443 1257 leti
464 1190 568 1256 vitare
589 1190 667 1267 vias,
690 1188 846 1253 animalia
866 1210 941 1253 eum
963 1187 1038 1262 sint,

328 1293 435 1379 adque
457 1293 611 1359 animalia
630 1292 696 1359 sint
716 1291 907 1357 mortalibus
928 1312 995 1355 una
1016 1288 1217 1374 eademquei

329 1396 416 1482 quod
438 1406 550 1463 tamen
571 1405 609 1462 ut
630 1397 763 1483 possint,
787 1404 822 1461 at
843 1404 938 1462 coetu
959 1394 1158 1480 concilioque
1332 1407 1401 1475 920

241 1515 307 1581 920
328 1498 376 1563 nil
396 1498 516 1564 facient
537 1506 666 1585 praeter
686 1497 818 1583 volgum
839 1496 1036 1582 turbamque
1057 1495 1271 1571 animantum,

329 1600 451 1668 seilicet
472 1610 511 1667 ut
532 1608 697 1688 nequeant
717 1601 866 1665 homines
887 1608 1037 1665 armenta
1057 1599 1208 1684 feraeque

329 1705 415 1770 inter
435 1726 505 1771 seso
526 1704 627 1770 ullam
648 1726 718 1770 rem
739 1705 872 1791 gignere
894 1703 1125 1769 conveniundo.

239 1822 305 1888 924
326 1807 413 1893 quod
434 1809 461 1874 si
482 1806 566 1873 forte
587 1828 682 1872 auum
703 1806 877 1872 dimittunt
897 1828 1028 1893 corpore
1049 1827 1181 1871 sensum

329 1920 428 1998 atque
442 1912 544 1978 alium
557 1911 699 1998 rapiunt,
714 1911 793 1997 quid
808 1932 889 1997 opus
903 1911 968 1976 fuit
982 1909 1125 1976 adtribui
1139 1908 1173 1975 id
1188 1906 1274 1994 quod
1332 1920 1395 1989 925

330 2015 534 2082 detrahituri
563 2022 635 2080 tum
656 2021 832 2099 praeterea,
855 2034 920 2098 quo
941 2012 1084 2099 fugimus
1106 2018 1192 2090 ante,

329 2130 490 2207 quatenus
511 2119 546 2184 in
566 2118 672 2206 pullos
694 2116 843 2182 animalis
864 2116 983 2182 vertier
1004 2138 1065 2181 ova

330 2224 491 2290 cernimus
512 2222 652 2287 alituum
673 2219 857 2306 vermisque
879 2220 1041 2296 effervere,
1064 2228 1184 2285 terram

330 2325 573 2412 intempestivos
596 2347 694 2411 quom
715 2333 814 2410 putor
834 2323 920 2409 oepit
942 2323 984 2389 ob
1005 2323 1126 2402 imbris,

329 2429 410 2495 seire
432 2430 508 2494 lieet
529 2428 620 2514 gigni
640 2449 733 2514 posse
754 2450 796 2493 ex
818 2449 883 2492 non
906 2426 1045 2493 sensibu'
1066 2449 1187 2492 sensus.
1332 2442 1399 2509 930

373 2531 467 2612 Quod
489 2531 516 2596 si
537 2532 619 2597 forte
641 2531 758 2617 aliquis
781 2530 868 2596 dicet
888 2530 1060 2596 dumtaxat
1082 2531 1158 2596 oriri

329 2657 421 2722 posse
442 2657 463 2700 a
483 2657 550 2700 non
571 2657 668 2701 sensu
690 2657 821 2701 sensum
843 2635 1071 2712 mutabilitate,

329 2746 388 2804 aut
409 2738 518 2825 aliquo
539 2746 707 2825 tamquam
729 2746 826 2825 partu
848 2737 935 2823 quod
956 2737 1103 2823 proditus
1124 2745 1223 2814 extet,

331 2839 407 2907 huie
428 2841 506 2906 setis
528 2840 609 2905 illud
631 2840 694 2906 erit
714 2840 851 2926 planum
873 2840 977 2905 faeere
999 2848 1098 2926 atque
1119 2840 1255 2926 probare

330 2966 396 3009 non
417 2943 487 3009 fieri
507 2953 638 3031 partum
659 2943 723 3008 nisi
745 2944 878 3009 coneilio
900 2951 978 3008 ante
1000 2952 1110 3008 ooaoto
1332 2958 1375 3026 93
1379 2956 1396 3024 5

330 3070 390 3115 nee
412 3047 584 3135 quiequam
606 3046 798 3111 commutari
819 3045 888 3110 sine
910 3044 1090 3111 conciliatu.

275 3304 385 3356 illatio
396 3301 478 3355 Laeli.
487 3303 527 3355 lor
536 3304 610 3363 atior,
618 3304 720 3367 respicit
730 3302 770 3353 tor
779 3304 882 3366 respuit.
914 3301 982 3352 Nem
989 3302 1056 3351 ratio
1064 3300 1142 3352 Bem.
1151 3301 1192 3351 tor
1199 3300 1313 3366 Namque
1324 3303 1399 3362 otior,

241 3385 372 3449 retaining
387 3387 491 3450 rapuit.
589 3384 637 3435 916
661 3384 740 3451 (imp
766 3383 781 3433 1
800 3384 888 3433 follow
905 3384 983 3434 Bern.
994 3383 1024 3434 in
1042 3383 1147 3447 plaoing
1164 3383 1220 3433 this
1237 3398 1310 3433 verse
1327 3382 1399 3444 here,

241 3467 331 3517 rather
339 3466 406 3517 then
415 3465 498 3517 Leoh.
509 3465 568 3517 who
582 3465 672 3516 makes
684 3467 706 3517 it
716 3465 802 3516 tollow
816 3466 865 3517 916
878 3466 955 3533 (916).
1054 3466 1103 3517 919
1118 3468 1243 3516 ommate
1254 3469 1306 3515 rint
1316 3466 1399 3517 taen

243 3546 284 3597 lor
298 3549 463 3598 enimulibw:
481 3561 565 3610 oomp.
577 3547 627 3598 468
643 3546 696 3596 and
712 3561 740 3597 rr
751 3547 797 3596 81:
813 3550 865 3598 rint
881 3561 933 3598 was
952 3546 1036 3598 added
1051 3547 1086 3612 by
1102 3548 1167 3598 Mar.
1188 3547 1241 3598 and
1257 3548 1333 3599 tunt.

276 3630 325 3680 980
340 3637 370 3679 at
385 3637 456 3679 coetu
471 3628 543 3679 Mon.
554 3627 635 3678 Leoh.
647 3628 687 3677 lor
702 3630 735 3678 ab
751 3637 843 3679 cereta.
876 3631 909 3680 et
925 3638 995 3680 coetu
1005 3631 1081 3680 tunt.
1113 3638 1228 3680 concreta
1239 3630 1354 3680 Politian
1370 3631 1400 3681 in

245 3723 327 3772 marg.
338 3709 407 3759 Flor.
419 3711 461 3762 99.
559 3709 607 3760 991
624 3717 755 3772 tttqtteaut.
782 3719 906 3775 aequarat
921 3711 976 3761 uit.
987 3712 1066 3762 Beni.
1076 3710 1173 3762 haebr
1190 3710 1237 3761 but
1248 3711 1293 3761 the
1307 3715 1399 3775 potan-

243 3790 292 3840 tial
300 3790 324 3840 is
334 3791 364 3839 in
371 3790 455 3853 pleoe.
553 3790 603 3841 996
611 3804 660 3852 quo
665 3790 781 3852 sopimus
791 3790 866 3841 wan
878 3793 1107 3858 lorqewdsapimue
1114 3791 1199 3842 whieh
1209 3792 1290 3842 Laeh.
1302 3793 1401 3844 inrain

243 3871 363 3922 deiende:
379 3870 426 3922 the
434 3873 494 3935 poet
502 3871 581 3922 refers
589 3873 617 3921 to
628 3872 676 3923 870
688 3885 752 3934 sqq„
759 3875 807 3921 not
817 3875 845 3922 10
855 3875 913 3925 886.
947 3876 1013 3938 quod
1024 3876 1128 3924 01010110
1138 3873 1189 3923 Ed.
1197 3874 1226 3923 in
1236 3874 1315 3923 small
1324 3874 1367 3925 ed.

274 3954 324 4005 998
339 3953 461 4016 effervere,
473 3961 564 4003 utram
573 3954 762 4016 Intempestivos
776 3969 850 4016 quom
867 3954 941 4021 (enm)
954 3962 1032 4018 petor
1047 3958 1113 4018 cepit
1123 3953 1190 4004 Mar.
1202 3953 1242 4003 lor
1251 3955 1369 4016 effervere
1381 3963 1400 4005 t.

242 4036 431 4099 [amputem
449 4049 525 4099 quam
537 4050 566 4099 p.
583 4036 649 4098 cepit
666 4033 697 4093 Δ,
715 4036 796 4098 coepit
810 4034 842 4083 Β.
874 4035 988 4097 effervere
1005 4034 1077 4084 Nioo.
1109 4036 1191 4099 eoepit
1208 4033 1283 4084 tunt.
1307 4043 1402 4099 patrer

241 4116 335 4168 Lamb.
433 4117 483 4168 989
499 4117 573 4167 Posse
589 4132 606 4165 a
622 4131 672 4166 non
686 4130 759 4166 terrra
769 4115 845 4165 Wak.
857 4116 898 4166 ior
913 4117 989 4167 Posse
1004 4132 1034 4166 ee
1050 4132 1101 4166 nen
1116 4131 1198 4175 reum,
1210 4115 1299 4166 rather
1314 4117 1402 4168 better

242 4199 308 4250 than
318 4199 392 4250 Poste
403 4213 433 4249 ea
443 4199 471 4248 01
481 4197 575 4248 Lamb.
587 4196 669 4247 Laeh.
682 4198 730 4247 eto.
758 4212 771 4247 e
782 4197 860 4247 Pont.
892 4213 989 4248 eentum
1004 4200 1174 4248 mobilitate
1185 4197 1278 4248 Lamb.
1291 4196 1332 4248 ed„
1343 4200 1360 4248 9
1371 4198 1402 4248 in

241 4280 354 4332 noietor
365 4295 449 4331 semet
463 4286 525 4330 mut.
557 4277 640 4329 Leoh.
651 4277 730 4340 keeps
743 4292 838 4327 amur.
936 4278 984 4328 999
1001 4279 1068 4342 quod
1083 4279 1201 4342 preditus
1215 4285 1282 4328 extet
1297 4277 1348 4327 Ed
1360 4279 1402 4328 tor

241 4366 308 4431 quod
318 4366 448 4430 proditum
464 4370 544 4415 etue.
586 4362 654 4427 quod
664 4362 782 4426 pretim
798 4367 882 4411 extem
897 4358 980 4412 Laoh.
1016 4362 1084 4424 quod
1096 4362 1215 4426 proditur
1231 4368 1304 4412 extre
1320 4361 1398 4411 Pont.
