3092 4984
252 467 378 532 lumina
398 491 440 533 ne
463 468 560 533 faciae
582 467 747 533 oculorum
771 468 858 532 clera
882 475 997 546 creata,

168 574 228 652 825
253 573 434 658 prospicere
456 582 496 638 ut
516 594 691 659 poaeemua
715 579 750 637 et
772 580 812 636 ut
832 571 974 657 proferre
995 593 1152 657 queamroe

253 698 400 761 proceros
421 699 543 762 pesouS,
567 676 641 741 ideo
663 676 794 761 faetigia
814 697 907 760 posse

254 803 402 845 aurarum
424 803 462 846 ac
483 782 643 846 feminum
665 781 803 866 pedibus
824 779 962 844 fundata
981 780 1102 865 plicari,

254 884 404 948 bracchia
425 892 497 948 tum
518 907 613 970 porro
636 885 752 950 validis
776 908 816 949 ex
837 892 916 969 apta
937 884 1064 948 lacertis
1352 951 1355 956 ⁴

256 1009 324 1051 esse
347 1009 527 1072 manusque
548 988 641 1077 datae
663 997 804 1073 utraque
827 1010 866 1053 ec
885 995 978 1072 parte
1001 987 1173 1064 ministras,
1262 990 1281 1050 8
1284 1004 1327 1068 30

255 1098 295 1154 ut
316 1090 419 1155 facere
441 1091 483 1154 ad
505 1091 608 1156 vitam
630 1113 796 1176 possemus
820 1113 903 1175 quae
926 1090 1009 1155 foret
1031 1112 1115 1155 usus.

256 1203 363 1259 cetera
384 1195 424 1258 de
446 1218 565 1281 genere
588 1196 648 1260 hoc
671 1196 758 1260 inter
780 1215 1003 1279 quaecumque
1025 1200 1205 1279 pretantur‚

258 1298 366 1362 omnia
388 1322 538 1385 perversa
559 1309 766 1385 praepostera
787 1308 864 1362 sunt
890 1298 1022 1374 ratione,

258 1402 304 1466 nil
326 1402 399 1468 ideo
420 1404 574 1488 quoniam
597 1411 744 1468 natumst
766 1402 802 1466 in
824 1423 955 1486 corpore
979 1409 1017 1465 ut
1039 1399 1090 1465 uti

256 1526 428 1589 possemne,
451 1507 507 1570 sed
530 1505 616 1591 quod
638 1513 785 1570 natumst
807 1504 841 1568 id
863 1511 1009 1589 procreat
1030 1524 1134 1567 usum.
1263 1503 1322 1581 835

257 1628 317 1671 nec
339 1606 404 1671 fuit
425 1617 502 1673 ante
525 1609 635 1674 videre
657 1608 820 1673 oculorum
845 1606 972 1671 lumina
992 1615 1070 1670 nate

258 1731 317 1773 nec
339 1709 434 1774 dictis
456 1733 546 1775 orare
568 1710 659 1795 prius
681 1732 781 1794 quam
803 1709 916 1794 lingua
937 1718 1083 1786 creataat

258 1812 314 1876 sed
335 1814 444 1898 potius
466 1815 561 1899 longe
583 1815 714 1899 linguae
735 1815 911 1900 praecessit
933 1814 1021 1897 origo

259 1935 438 1979 sermonem
464 1917 633 2003 multoque
655 1925 783 1981 creatae
805 1925 883 1980 sunt
904 1915 994 2000 prius
1017 1936 1110 1978 aures

259 2038 357 2101 quam
379 2040 475 2083 sonus
497 2029 547 2084 est
569 2019 707 2098 auditus,
731 2027 766 2083 et
789 2017 899 2082 omnia
920 2017 1060 2100 denique
1082 2016 1228 2080 membra
1264 2017 1329 2095 840

258 2129 336 2184 ante
358 2120 459 2200 fuere,
484 2130 523 2186 ut
547 2123 668 2208 opinor,
692 2144 804 2186 eorum
827 2142 925 2206 quam
948 2120 1031 2184 foret
1052 2141 1149 2200 nsus3

260 2221 347 2286 hand
371 2222 471 2307 igitur
491 2233 626 2308 potuere
647 2223 764 2287 utendi
786 2244 928 2286 crescere
951 2244 1054 2287 causa

260 2334 294 2389 at
316 2335 428 2390 contra
448 2327 592 2392 conferre
614 2350 713 2392 manu
736 2327 914 2392 certamina
934 2349 1063 2412 pugnae

261 2438 294 2494 et
316 2430 455 2496 lacerare
477 2442 566 2497 artus
588 2432 781 2518 foedareque
804 2434 950 2497 membra
971 2456 1083 2498 cruore

259 2543 336 2598 ante
358 2534 422 2599 fuit
444 2535 548 2600 multo
571 2558 670 2620 quam
692 2535 800 2601 lucida
819 2536 886 2600 tela
907 2536 1061 2612 volarent,

261 2646 295 2706 et
316 2638 430 2702 volnus
453 2640 555 2704 vitare
577 2640 666 2725 prius
689 2649 808 2704 natura
829 2638 934 2723 coegit

260 2763 358 2826 quam
380 2742 472 2809 daret
494 2745 658 2809 obiectum
680 2744 804 2830 parmai
827 2743 921 2806 laeva
941 2764 1000 2827 per
1021 2749 1133 2806 artem.

168 2897 177 2904 ι
260 2845 382 2911 scilicet
404 2856 438 2912 et
460 2846 580 2911 fessum
600 2868 714 2931 corpus
736 2845 890 2910 mandare
911 2846 1015 2931 quieti

261 2944 365 3009 multo
387 2946 553 3031 antiquius
576 2955 626 3010 est
648 2966 747 3030 quam
768 2945 845 3009 lecti
867 2943 979 3008 mollia
999 2951 1110 3020 strata,

261 3056 295 3111 et
317 3047 428 3112 sedare
451 3048 540 3113 sitim
561 3049 652 3134 prius
674 3056 724 3112 est
747 3070 846 3133 quam
868 3047 984 3132 pocula
1005 3055 1128 3110 natum.
1266 3045 1331 3121 850

261 3152 342 3217 haec
363 3152 464 3237 igitur
484 3162 620 3237 possunt
643 3151 758 3216 utendi
780 3151 911 3236 cognita
932 3171 1028 3214 eausa

263 3254 392 3332 coedier,
416 3277 457 3320 ex
478 3277 540 3320 usu
563 3265 747 3341 quaesunt
769 3255 901 3338 vitaque
921 3258 1056 3336 reperta.

262 3357 320 3421 illa
340 3357 473 3443 quidem
495 3380 638 3423 seorsum
661 3365 738 3422 sunt
761 3355 871 3421 omnia
893 3375 975 3439 quae
996 3353 1086 3437 prius
1107 3350 1179 3435 ipso

262 3470 341 3526 nata
362 3459 479 3525 dedere
501 3483 579 3525 suae
599 3469 674 3546 post
695 3459 849 3524 notitiem
872 3454 1033 3520 utilitatis.

262 3585 326 3649 quo
346 3584 465 3648 genere
487 3565 521 3628 in
543 3564 655 3649 primis
677 3584 790 3628 sensus
811 3569 846 3625 et
868 3559 1014 3624 membra
1035 3556 1204 3638 videmus3
1266 3560 1326 3639 855

262 3689 361 3751 quare
384 3669 484 3732 etiam
506 3677 606 3754 atque
628 3668 728 3734 etiam
750 3666 862 3752 procul
884 3673 933 3730 est
955 3674 993 3729 ut
1014 3662 1143 3728 credere
1165 3662 1265 3749 possis

173 3895 274 3931 avem
292 3881 326 3931 Te
340 3882 446 3944 effugere
463 3882 542 3933 Bern.
614 3906 616 3911 ·
641 3882 690 3932 824
706 3896 810 3931 errorem
829 3882 958 3944 vitareqeoe
974 3881 1071 3932 Boorr.
1086 3881 1183 3931 Avano.
1195 3882 1235 3932 tor
1251 3897 1332 3933 errore

173 3965 337 4026 aarum.
370 3978 451 4013 errore
462 3968 554 4015 mlta
570 3980 617 4029 quc
629 3968 826 4027 premcdttenmr
841 3965 949 4015 monol
967 3965 1058 4016 Gamb.
1070 3982 1119 4018 one
1129 3966 1189 4017 Vnt.
1202 3967 1333 4030 corruptly

174 4046 217 4096 tor
227 4061 249 4096 e.
261 4062 285 4095 υ.
294 4053 493 4109 mmmmm
505 4047 717 4112 (praemiantur
727 4048 774 4112 At:
791 4047 846 4098 this
857 4047 906 4098 har
916 4047 960 4098 led
970 4050 997 4097 to
1008 4048 1109 4098 further
1124 4049 1285 4112 corruptione
1300 4050 1334 4111 by

174 4127 241 4178 Mar.
252 4127 327 4178 sunt.
345 4127 439 4179 Lamb.
451 4131 501 4180 ete.
599 4130 648 4179 826
661 4145 785 4192 posterum
802 4129 884 4181 Lech.
904 4130 944 4179 tor
960 4132 1091 4192 poscimus.
1107 4144 1136 4179 en
1150 4130 1196 4180 the
1214 4144 1292 4192 usage
1307 4130 1335 4179 of

174 4210 254 4260 Iruer.
265 4209 387 4272 requiror.
421 4225 539 4273 queam
550 4209 630 4260 Lech.
644 4210 683 4260 tor
694 4213 751 4260 vio:
770 4225 813 4260 seo
823 4210 905 4261 above
915 4212 943 4260 to
954 4211 1016 4261 823:
1034 4208 1079 4259 the
1090 4209 1157 4270 vulg.
1169 4211 1224 4258 viai
1240 4207 1289 4258 hes
1300 4223 1335 4257 no

174 4306 261 4342 oenoe.
360 4293 408 4344 827
420 4293 540 4355 succipia.
572 4293 696 4355 euffropia
707 4292 784 4342 Pont.
882 4294 931 4342 8³0
947 4307 979 4342 aa
990 4290 1073 4342 added
1082 4289 1116 4352 by
1126 4288 1207 4340 Lech.
1240 4305 1257 4338 a
1269 4288 1334 4339 Mar.

174 4371 425 4436 melsuntvulg.
507 4373 635 4424 8³6nota.
663 4371 836 4424 notumheoh.
849 4371 986 4424 caineto:
1003 4367 1336 4430 butasnatagivesagooo

1146 4464 1248 4528 13-2
