3092 4984
687 284 724 350 11

198 460 268 505 nec
290 438 483 525 singillatim
509 440 699 526 corpuscula
723 462 872 528 quaeque
896 441 1024 528 vaporis

200 540 264 605 sed
290 540 461 625 complexa
482 548 597 606 meant
621 541 708 607 inter
732 564 767 608 se
793 565 917 629 conque
939 544 1087 630 globata3

201 654 407 732 quapropter
429 645 529 711 simul
554 645 642 712 inter
666 668 700 712 se
722 647 937 714 retrahuntur
959 656 994 714 et
1017 657 1111 714 extra

202 750 403 828 officiuntur,
436 752 488 817 uti
511 760 669 838 cogantur
691 751 815 817 tardius
838 752 893 819 ire.

201 861 352 937 atquae
376 860 454 918 sunt
478 853 583 918 solida
606 854 782 939 primordia
806 855 1023 942 simplicitate,

202 977 285 1020 cum
308 978 369 1042 per
390 956 489 1022 inane
512 966 626 1023 meant
648 981 789 1024 vacnum
812 982 872 1025 nec
897 982 948 1025 res
971 970 1154 1028 remoratur

204 1059 279 1124 ulla
300 1060 379 1125 foris
401 1069 501 1147 atque
524 1061 604 1147 ipso,
627 1062 692 1127 suis
716 1086 735 1128 e
755 1064 904 1150 partibus
927 1087 1001 1141 una,

204 1183 314 1226 unum
340 1162 377 1226 in
403 1185 503 1248 quem
528 1185 661 1250 coepere
683 1165 791 1230 locum
817 1166 932 1231 conixa
954 1166 1111 1244 feruntur,

204 1264 331 1330 debent
354 1265 511 1330 nimirum
535 1266 729 1352 praecellere
754 1268 937 1333 mobilitate

205 1376 243 1433 et
265 1368 372 1433 multo
398 1368 494 1434 citius
519 1370 595 1435 feni
623 1392 722 1456 quam
746 1371 872 1437 lumina
894 1372 970 1437 solis

174 1514 182 1529 ·
206 1472 449 1559 multiplexque
473 1474 537 1539 loci
560 1474 703 1559 spatium
729 1482 945 1540 transcurrere
970 1475 1085 1542 eodem

207 1585 359 1663 tempore
382 1599 447 1663 quo
472 1578 549 1643 solis
574 1577 765 1664 pervolgant
788 1579 917 1666 fulgura
939 1580 1072 1646 caelum.

713 1698 736 1740 5

209 1782 286 1867 [555
308 1784 484 1869 persectari
506 1783 684 1870 primordia
707 1784 836 1872 singula
858 1808 1007 1872 quaeque

207 1892 249 1950 ut
269 1884 402 1951 videant
421 1909 488 1973 qua
510 1886 649 1974 quicque
671 1897 805 1976 geratur
829 1911 906 1953 cum
930 1888 1066 1955 ratione.

251 1990 299 2054 At
325 1989 460 2075 quidum
485 2000 598 2055 contra
622 1991 710 2068 haec,
726 1991 833 2077 ignari
857 1991 1017 2068 materiai,

209 2101 364 2156 naturum
389 2114 456 2157 non
478 2115 572 2179 posse
598 2092 698 2159 deum
721 2094 793 2158 sine
815 2093 951 2158 numine
975 2093 1110 2160 credunt

207 2202 305 2260 tanto
330 2218 427 2281 opere
449 2196 602 2262 humanis
623 2196 804 2262 rationibus
827 2196 1036 2262 admoderate

208 2307 358 2384 tempora
382 2308 509 2364 mutare
533 2322 692 2365 annorum
717 2301 892 2387 frugesque
918 2322 1033 2378 creare,
1224 2321 1235 2366 ι
1241 2320 1284 2384 70

209 2409 245 2466 ct
267 2402 335 2466 iam
357 2412 474 2480 cetera,
499 2403 643 2468 mortalis
668 2425 753 2489 quae
779 2402 895 2468 suadet
917 2402 1007 2469 adire

207 2505 344 2592 ipsaque
368 2506 502 2573 deducit
527 2507 595 2572 dux
620 2508 708 2574 vitae
734 2508 790 2575 dia
814 2509 963 2594 voluptas

207 2618 243 2674 et
267 2631 320 2674 res
341 2632 401 2696 per
426 2610 563 2677 Veneris
586 2610 753 2677 blanditur
776 2610 881 2676 saecla
905 2621 1089 2698 propagent,

208 2735 252 2778 ne
273 2735 377 2800 genus
403 2713 529 2781 occidat
551 2714 740 2781 humanum
787 2738 924 2801 quorum
947 2717 1056 2782 omnia
1077 2739 1175 2783 censa

208 2818 416 2884 constituisse
440 2817 518 2884 deos
541 2841 617 2885 cum
639 2819 777 2905 fingrmt,
804 2819 945 2887 omnibu’
968 2821 1065 2886 rebus
1220 2836 1276 2903 175

117 3036 323 3102 intellegendmn
334 3041 375 3089 551
386 3042 480 3091 doute.
513 3041 567 3091 But
584 3041 614 3092 in
630 3041 803 3107 myopinion,
820 3039 920 3104 though
935 3039 981 3091 the
997 3039 1064 3103 suhi.
1080 3039 1105 3090 is
1120 3039 1192 3104 quite
1202 3038 1280 3101 right.

119 3118 288 3170 1555551511
305 3119 414 3170 deiende
432 3120 478 3172 the
494 3120 573 3173 indic.
584 3122 670 3173 which
688 3122 713 3173 ir
729 3124 785 3174 also
802 3122 915 3172 tenable.
1015 3121 1062 3170 155
1078 3136 1103 3170 rc
1118 3121 1282 3203 5555555155

118 3201 238 3251 Prisdm
255 3202 297 3250 lor
314 3216 341 3250 re
360 3202 503 3253 traham
622 3204 669 3255 158
692 3211 833 3253 remoretur
849 3202 926 3252 Pont.
949 3199 1015 3250 liar.
1037 3199 1124 3249 Alci
1146 3200 1220 3249 Jnnt.
1242 3200 1282 3249 lor

12 3310 14 3353 l
118 3286 265 3334 mit·
367 3282 1282 3350 nummisepanruumummnuloriparooeprruous

12 3410 13 3417 ,
119 3383 197 3417 m
210 3369 308 3417 Um:
324 3366 371 3417 the
382 3370 496 3418 55515551
506 3368 569 3419 with
583 3367 872 3420 155-155555551155
883 3367 1113 3427 tobeneoessary:
1130 3378 1214 3427 comp.
1228 3363 1282 3413 5155

119 3451 191 3500 rm
202 3452 268 3500 etc:
285 3448 331 3500 the
345 3449 485 3513 repetition
495 3450 523 3500 51
537 3466 615 3500 uuum
629 3467 707 3501 murm
722 3451 770 3501 has
787 3450 850 3500 here
868 3464 904 3499 55
920 3450 989 3499 force
999 3446 1135 3497 whatever.
1235 3446 1282 3497 150

118 3535 222 3582 mim
255 3548 353 3582 coum
370 3547 435 3583 mss.
462 3537 575 3584 5555155
596 3533 656 3584 Ver.
676 3533 742 3584 Ven.
760 3531 880 3583 lollowed
896 3531 1058 3596 1131155355
1076 3527 1128 3580 and
1145 3527 1236 3591 vulgo:
1259 3527 1282 3579 it

119 3610 217 3661 should
226 3611 260 3662 be
270 3616 372 3662 555155.

152 3693 285 3745 ros-leo
301 3692 383 3743 Lech.
399 3692 449 3744 has
462 3696 532 3745 most
546 3694 628 3758 justly
637 3693 743 3745 marked
754 3694 791 3744 511
805 3694 871 3744 irum
884 3694 931 3745 the
941 3694 1054 3751 context.
1066 3706 1095 3743 55
1105 3691 1280 3756 interrupting

117 3775 164 3826 ffic
180 3777 329 3839 argument,
343 3775 443 3839 though
458 3775 637 3841 indisputnhly
646 3776 749 3827 written
765 3777 801 3841 by
810 3776 960 3827 Lucretius:
979 3790 1051 3826 rome
1061 3789 1147 3826 verses
1158 3778 1202 3825 155
1212 3774 1279 3825 have

117 3858 216 3920 elenty
230 3856 298 3907 been
312 3856 366 3906 lost
380 3858 469 3908 551555
486 3859 546 3908 lus:
564 3873 593 3908 55
609 3858 743 3908 Portunus
759 3857 808 3907 hsr
824 3872 894 3916 5555,
911 3857 968 3907 who
984 3872 1044 3921 says
1061 3857 1278 3920 ‘lrugmentum’t

12 3940 14 3953 '
116 3937 248 3988 aarum
265 3936 386 4001 supplied
403 3938 451 3987 the
467 3938 627 4002 5555555153
643 3940 710 3988 Num
728 3954 807 4001 55555
826 3941 931 3989 mallio
947 3940 1037 3988 debent
1055 3940 1158 3988 tardata
1174 3939 1278 3996 mori,

116 4019 498 4083 vhiehboumethevulgute
526 4019 1279 4084 Bm.putr1o7beromlcs,rnuinloomurpmoeurr,

115 4099 476 4163 5555555555555155555
576 4100 624 4152 155
644 4101 1070 4151 [115155551515515511155551.
1169 4100 1278 4151 lteru-

114 4178 1279 4243 515555513515555555551,555Ρ5551555555;5555155555

114 4265 245 4319 5155511511
259 4264 403 4325 noema
417 4267 512 4316 redcat
527 4265 557 4315 in
571 4280 635 4316 msc.
651 4265 731 4317 much
746 4265 887 4316 resemblce
902 4267 984 4316 reddi.
1017 4262 1187 4314 5551551155.
1204 4261 1279 4310 Junt.

113 4345 618 4415 vulwpronuregrogis‘reyrlach
645 4345 1070 4411 Wssubsurdlydelendsteddi.
1169 4338 1281 4391 iuna
1326 4366 1329 4373 ,
