3092 4984
704 253 758 317 ΙΙΙ
1248 274 1303 341 145

233 416 291 473 aut
313 406 438 492 aliquid
461 428 594 491 prosum
617 407 657 472 de
681 430 809 472 summa
831 408 1000 474 detrahere
1025 412 1140 491 hilum‚·

233 521 431 579 commutare
454 512 603 576 animum
627 511 824 597 quicumque
847 513 992 578 adoritur
1014 524 1048 580 et
1072 517 1145 582 infit
1242 533 1300 599 515

233 625 289 681 aut
312 615 412 679 aliam
436 615 585 699 quamvis
610 624 761 680 naturam
785 617 916 682 flectere
940 620 1075 703 quaerit.

233 728 267 783 at
291 740 399 803 neque
423 717 590 782 transferri
614 718 677 782 sibi
702 720 804 803 partis
829 742 889 785 nec
912 721 1014 785 tribui
1037 723 1106 787 vult

233 819 404 884 inmortale
428 818 515 903 quod
538 827 588 883 est
612 818 786 904 quicquam
810 843 915 906 neque
942 821 1083 888 defluere
1107 824 1175 888 hilu

232 944 308 986 nam
330 922 559 1008 quodcumque
583 922 651 987 suis
674 933 839 989 mutatum
863 926 983 990 finibus
1006 928 1083 1003 exit,

232 1028 384 1090 continuo
407 1026 468 1090 hoc
491 1048 577 1090 mors
601 1036 650 1091 est
672 1027 761 1092 illius
783 1029 869 1114 quod
893 1031 956 1095 fuit
981 1041 1064 1098 ante.
1239 1047 1302 1113 520

232 1151 306 1214 ergo
328 1130 460 1194 animus
482 1129 550 1194 sive
572 1131 737 1216 aegrescit,
761 1132 913 1197 mortalia
936 1134 1028 1220 signa

232 1233 344 1310 mittit,
369 1232 421 1296 uti
444 1233 548 1310 docui,
573 1254 630 1298 seu
654 1234 799 1299 flectitur
822 1258 842 1299 a
864 1236 1031 1303 medicina

233 1358 333 1422 usque
357 1336 439 1400 adeo
463 1336 563 1401 falsae
587 1338 705 1401 rationi
729 1361 807 1403 vera
829 1339 958 1405 videtur

233 1464 282 1506 res
302 1462 466 1506 occurrere
489 1450 522 1506 et
545 1441 702 1525 effugium
723 1442 930 1526 praecludere
953 1443 1045 1507 eunti

233 1545 430 1631 ancipitique
452 1544 597 1609 refutatu
619 1546 808 1609 convincere
833 1545 959 1611 falsum.
1236 1561 1295 1628 525

274 1647 423 1732 Denique
445 1669 542 1733 saepe
564 1646 732 1737 hominem
753 1648 913 1733 paulatim
935 1649 1096 1714 cernimus
1118 1650 1164 1714 ire

233 1760 266 1814 et
288 1750 496 1815 membratim
517 1750 652 1815 vitalem
672 1750 850 1836 deperdere
874 1774 1024 1832 sensum3

233 1854 265 1917 in
286 1853 425 1939 pedibus
446 1853 589 1939 primum
612 1853 728 1939 digitos
752 1853 906 1918 livescere
929 1860 964 1917 et
985 1853 1111 1938 unguis,

231 1958 305 2023 inde
328 1958 428 2044 pedes
448 1967 482 2023 et
504 1981 598 2023 crura
619 1957 709 2036 mori,
732 1966 806 2042 post
828 1956 905 2021 inde
928 1979 987 2043 per
1008 1965 1098 2022 artus

231 2061 277 2126 ire
299 2062 378 2126 alios
401 2062 532 2127 tractim
554 2060 655 2147 gelidi
676 2061 816 2146 vestigia
837 2061 904 2126 leti
1236 2074 1251 2140 5
1257 2076 1300 2140 30

1177 846 1277 928 ὦχ’

232 2163 390 2228 scinditur
412 2163 504 2249 itque
525 2164 654 2228 animae
676 2164 737 2228 hoc
759 2164 916 2248 quoniam
938 2174 1057 2228 natura
1078 2185 1137 2229 noc
1159 2185 1226 2228 uno

231 2276 375 2352 tempore
397 2266 522 2330 sincera
543 2266 663 2344 existit,
686 2266 832 2331 mortalis
854 2267 1043 2335 habendast

231 2372 364 2456 quodsi
388 2371 470 2436 forte
491 2380 589 2455 putas
611 2370 715 2455 ipsam
738 2391 772 2434 se
795 2392 888 2455 posse
910 2393 968 2455 per
989 2382 1079 2436 artus

230 2474 389 2538 introsum
411 2472 540 2536 trahere
563 2481 597 2536 et
619 2473 720 2558 partis
742 2472 919 2539 conducere
941 2475 975 2539 in
997 2498 1101 2540 unum

231 2588 329 2663 atque
351 2578 425 2641 ideo
448 2577 573 2640 cunctis
594 2598 725 2640 sensum
748 2576 906 2641 deducere
928 2579 1089 2654 membris,
1234 2591 1249 2657 5
1255 2594 1272 2658 3
1277 2591 1292 2657 5

231 2690 264 2745 at
286 2682 375 2744 locus
397 2680 452 2744 ille
474 2688 595 2756 tamen,
618 2700 682 2763 quo
705 2679 798 2763 copia
819 2688 912 2743 tanta
934 2681 1054 2744 animai

231 2785 362 2870 cogitur,
385 2784 420 2847 in
443 2804 539 2847 sensu
561 2782 659 2846 debet
681 2783 803 2845 maiore
825 2782 947 2862 videri;

231 2888 462 2975 quiquoniam
485 2880 687 2971 nusquamst,
710 2885 866 2949 nimirum
889 2894 927 2950 ut
949 2884 1090 2949 diximus
1111 2896 1192 2962 anie,

230 2991 387 3056 dilaniata
409 2992 492 3055 foras
514 2990 719 3075 dispargitur,
743 2988 855 3053 interit
877 3010 960 3074 ergo.

230 3096 308 3181 quin
331 3094 432 3159 etiam
455 3095 482 3158 si
504 3094 570 3158 iam
592 3093 693 3158 libeat
714 3092 888 3157 concedere
910 3092 1029 3155 falsum
1234 3106 1296 3172 540

229 3212 262 3265 et
284 3200 361 3265 dare
382 3222 475 3286 posse
498 3199 641 3263 animam
662 3198 834 3284 glomerari
856 3198 892 3260 in
913 3216 1043 3280 corpore
1066 3217 1186 3271 eorum,

229 3304 353 3368 lumina
376 3303 432 3389 qui
455 3303 581 3367 lincunt
602 3300 787 3366 moribundi
809 3298 1037 3385 particulatim,

229 3406 398 3470 mortalem
419 3414 531 3470 tamen
554 3426 622 3470 esse
645 3404 790 3468 animam
812 3401 934 3465 fateare
956 3421 1092 3475 necesse,

227 3530 285 3573 nec
306 3509 407 3573 refert
429 3518 540 3573 utrum
562 3513 674 3592 pereat
696 3506 843 3591 dispersa
863 3525 922 3589 per
942 3523 1037 3568 auras

230 3634 270 3675 an
291 3620 458 3676 contracta
480 3612 546 3675 suis
569 3633 587 3675 e
609 3611 756 3698 partibus
778 3610 993 3689 obbrutescat,
1232 3624 1298 3691 545·

229 3714 357 3800 quando
379 3715 545 3779 hominem
567 3722 675 3779 totum
697 3714 800 3799 magis
821 3736 858 3778 ac
880 3714 982 3798 magis
1005 3712 1149 3797 undique
1171 3735 1284 3778 sensus

230 3820 336 3884 deficit
359 3828 394 3884 et
415 3820 502 3884 vitae
524 3819 633 3884 minus
655 3826 690 3884 et
712 3819 822 3883 minus
843 3817 988 3903 undique
1010 3826 1118 3881 restat.

146 4003 267 4051 pervum
365 3993 414 4043 497
425 3993 563 4041 Eiciantar
573 3991 884 4041 Lamb.lorliliciuotur:
902 3989 1146 4040 oe058and1v945.
1246 3987 1295 4036 523

144 4074 237 4121 micui
255 4073 320 4123 Mar.
339 4072 422 4122 Aldl
441 4073 516 4122 June
535 4072 576 4122 lor
591 4074 707 4122 rationis.
806 4073 854 4121 525
870 4070 1059 4134 refutatoriae
1078 4070 1152 4119 Juni.
1170 4067 1212 4116 lor
1227 4067 1296 4128 reja-

145 4159 220 4202 aar.
316 4156 365 4205 531
381 4157 513 4205 Scinditur
522 4157 592 4219 itque
603 4157 702 4205 animae
714 4155 759 4203 hoc
772 4153 823 4202 Ed.
834 4154 874 4202 lor
887 4154 1019 4203 Scinditur
1035 4160 1108 4215 atque
1123 4152 1207 4200 urimo
1221 4149 1297 4195 haec:

144 4237 291 4298 campere.
325 4230 527 4300 Scarqucaclco
545 4233 696 4285 haechach.
730 4235 973 4297 &aequanimes
985 4232 1135 4282 haccBern.
1170 4226 1297 4285 Saatqui

143 4316 225 4365 animo
246 4317 306 4368 aaa
328 4316 393 4368 liar.
416 4316 490 4367 iuni.
531 4317 573 4366 Sc‘.
595 4317 667 4379 atqui
688 4315 788 4364 animae
810 4312 901 4363 lamb.
924 4311 992 4374 vulg.
1105 4311 1154 4361 535
1179 4307 1296 4355 &mecm

1169 4402 1210 4463 10
