3092 4984
245 314 306 395 156

328 468 376 533 nil
399 476 510 531 tamen
533 460 648 527 estad
673 481 731 523 nos
754 458 812 543 qui
836 464 968 542 comptu
991 457 1204 543 coniugioque
1334 463 1396 542 845

328 567 466 655 corporis
488 574 588 650 atque
610 562 739 627 animae
762 560 969 625 consistimus
991 560 1101 625 uniter
1122 560 1200 646 apti

328 695 397 750 nec,
418 670 445 735 si
466 666 637 733 materiem
659 672 804 728 nostram
826 661 990 746 collegerit
1011 672 1101 726 actas

328 786 401 864 post
423 774 548 839 obitum
571 790 762 853 rursumque
784 766 944 850 redegerit
965 774 1004 830 ut
1027 765 1090 829 sita
1111 788 1198 831 nunc
1220 776 1269 831 est

329 889 428 967 atque
450 881 570 943 iterum
590 874 684 945 nobis
705 873 828 937 fuerint
851 871 928 934 data
951 870 1076 935 lumina
1098 872 1195 947 vitae,

294 1052 299 1057 ,
329 983 492 1070 pertineat
508 978 681 1064 quicquam
696 984 806 1039 tamen
823 973 865 1036 ad
880 995 938 1036 nos
953 972 986 1036 id
1002 995 1130 1058 quoque
1146 974 1276 1052 factum,
1335 978 1401 1055 850

329 1088 512 1169 interrupta
535 1081 634 1146 semel
658 1101 733 1143 cum
756 1078 799 1141 sit
823 1075 1005 1160 repetentia
1030 1076 1137 1141 nostri

331 1203 365 1257 et
388 1211 475 1254 nunc
499 1187 546 1251 nil
572 1185 613 1250 ad
637 1206 695 1248 nos
720 1183 760 1248 de
785 1182 877 1245 nobis
901 1181 1029 1258 attinet,
1054 1191 1132 1246 ante

330 1293 387 1379 qui
411 1291 541 1365 fuimus,
566 1308 663 1373 aeque
686 1286 753 1349 iam
778 1284 818 1348 dc
842 1284 906 1347 illis
930 1306 988 1347 nos
1012 1283 1122 1348 adficit
1146 1306 1253 1370 angor.

329 1418 407 1460 nam
430 1415 506 1458 curn
529 1391 679 1475 respicias
703 1388 842 1453 inmensi
866 1388 1020 1472 temporis
1044 1410 1140 1453 omne

330 1494 544 1583 praeteritum
567 1491 718 1577 spatium,
744 1498 817 1554 tum
841 1498 950 1553 motus
974 1491 1122 1554 materiai
1336 1496 1396 1575 855
1450 1490 1453 1493 ’

330 1596 531 1664 multimodis
555 1617 655 1680 quam
678 1594 752 1671 sint,
778 1594 871 1657 facilc
895 1593 957 1657 hoc
980 1594 1150 1659 adcredere
1174 1597 1282 1681 possis,

331 1703 455 1768 semina
479 1722 574 1785 saepe
598 1699 633 1762 in
657 1699 780 1775 eodem,
808 1706 845 1762 ut
868 1720 955 1762 nunc
978 1708 1064 1775 sunt,
1088 1701 1198 1764 ordine
1220 1710 1314 1786 posta

246 1813 306 1892 865
332 1811 411 1874 haec
434 1806 556 1883 eadem,
581 1803 700 1889 quibus
723 1825 742 1867 6
765 1824 853 1867 6666
876 1824 934 1866 nos
958 1825 1077 1880 sumus,
1102 1814 1177 1869 ante
1201 1806 1306 1870 fuisse.

246 1917 308 1996 858
332 1935 391 1977 nec
415 1908 551 1974 memori
574 1916 686 1972 tamen
710 1906 743 1970 id
768 1906 899 1992 quimus
922 1907 1176 1991 repraehendere
1202 1918 1332 1990 mente;

332 2018 417 2082 inter
442 2015 530 2079 enim
554 2013 669 2078 iectast
692 2011 773 2076 vitai
797 2033 899 2096 pausa
921 2033 1068 2098 vageque
1336 2017 1401 2082 860

333 2122 522 2187 deerrarunt
545 2117 665 2204 passim
688 2124 797 2180 motus
821 2117 862 2180 ab
889 2117 1036 2181 sensibus
1060 2140 1178 2184 omnes.

331 2226 429 2291 debet
453 2224 549 2299 enim,
573 2221 689 2286 misere
714 2221 741 2285 si
767 2221 850 2285 forte
873 2244 1033 2307 aegreque
1058 2223 1246 2301 futurumst,

331 2332 400 2416 ipsc
424 2349 552 2414 quoque
577 2349 644 2391 esse
668 2327 703 2390 in
727 2349 764 2392 eo
788 2334 861 2390 tum
884 2335 1039 2412 tempore,
1064 2329 1116 2393 cui
1139 2330 1225 2394 male
1247 2331 1349 2415 possit

332 2430 483 2495 accidere.
507 2428 541 2492 id
565 2427 719 2512 quoniam
743 2450 830 2491 mors
853 2429 975 2507 eximit,
1001 2452 1134 2516 esseque
1156 2432 1271 2516 probet

246 2539 311 2618 864
332 2536 425 2600 illurn
448 2533 501 2597 cui
527 2532 650 2617 possint
674 2532 879 2596 incommoda
902 2533 1072 2611 conciliari,
1337 2537 1398 2618 865

332 2640 412 2704 scire
435 2637 512 2701 licet
536 2636 629 2702 nobis
654 2636 701 2700 nil
725 2659 794 2701 esse
817 2637 853 2700 in
876 2646 981 2701 morte
1004 2637 1187 2702 timendum

331 2763 391 2805 nec
414 2739 568 2803 miserum
591 2739 662 2803 fieri
686 2739 742 2824 qui
769 2761 836 2803 non
860 2748 909 2803 est
932 2761 1025 2824 posse
1048 2762 1154 2825 neque
1177 2740 1282 2805 hilum

332 2845 459 2910 differre
483 2867 568 2908 anne
592 2844 659 2907 ullo
682 2844 782 2908 fuerit
804 2844 869 2907 iam
894 2853 1040 2929 ternpore
1064 2852 1169 2919 natus,

333 2948 502 3014 mortalem
526 2947 628 3012 vitam
653 2969 737 3012 mors
761 2968 835 3011 cum
860 2946 1042 3011 inmortalis
1068 2946 1198 3011 ademit

375 3050 515 3115 Proinde
530 3049 587 3113 ubi
602 3070 636 3112 sc
660 3048 770 3113 videas
785 3047 951 3111 hominem
966 3047 1164 3133 indignarier
1178 3048 1293 3134 ipsum,
1338 3052 1406 3132 870

331 3163 405 3242 post
428 3161 567 3219 mortem
590 3153 657 3217 fore
681 3160 719 3215 ut
743 3160 801 3216 aut
826 3159 975 3236 putescat
999 3173 1129 3235 corpore
1152 3161 1246 3236 posto

244 3307 321 3359 Lacr.
338 3308 431 3369 always
449 3304 535 3356 writes
554 3304 699 3356 elsewhere.
806 3303 855 3353 844
870 3303 1025 3351 Distroctnst
1041 3301 1112 3352 Nico.
1129 3303 1170 3352 lor
1184 3304 1336 3355 Distructur.

277 3390 325 3441 847
342 3392 468 3439 martem
483 3388 516 3447 B,
532 3390 663 3437 66616νί661
673 3388 696 3436 Δ
706 3386 777 3435 Nioc.
876 3386 924 3434 861
940 3388 1077 3447 repetentia
1087 3386 1110 3435 B
1122 3386 1226 3450 rightly.
1258 3392 1369 3450 repentia
1380 3392 1408 3441 Δ

244 3473 316 3523 Nico.
333 3473 403 3521 Flor.
411 3473 442 3520 31
460 3470 550 3520 Camb.
583 3472 719 3520 retinentia
734 3467 922 3518 Arananaeh.
956 3470 1035 3516 nostri
1049 3467 1407 3528 Piasinnotes,Gif.Lach.

245 3555 392 3603 toraortn'r.
425 3554 684 3603 uobirPont.Avanc.
717 3559 804 3601 nostra
812 3551 876 3599 Mar.
886 3551 959 3599 Junt.
969 3551 1037 3613 vulg.
1136 3553 1185 3601 863
1196 3567 1272 3615 neque
1281 3553 1407 3618 addedby

244 3635 325 3685 Laoh.
352 3651 396 3684 nec
407 3635 473 3684 Mar.
485 3635 564 3683 alal
574 3635 648 3684 tunt.
657 3635 726 3696 vulg.
779 3635 867 3697 adficit
878 3633 948 3682 Flor.
960 3634 991 3681 ³1
1004 3633 1075 3682 Mon.
1087 3632 1163 3683 Pont.
1175 3635 1215 3684 lor
1225 3636 1324 3699 adfipit.

277 3715 326 3763 866
336 3717 487 3765 multimodis
502 3714 583 3763 Lach.
595 3713 658 3763 with
669 3713 834 3763 Wakefield‘s
845 3716 866 3762 Δ
877 3713 917 3762 for
932 3715 1081 3763 multimodi.
1179 3716 1227 3764 868
1240 3716 1307 3780 (866)
1320 3718 1406 3766 16666-

243 3795 328 3845 terrcd
338 3795 399 3846 here
410 3796 445 3860 by
455 3797 535 3846 Lach.
548 3796 605 3845 who
616 3795 639 3845 is
650 3796 780 3859 naturally
792 3795 923 3859 surprised
934 3795 992 3845 that
1003 3797 1024 3844 it
1035 3812 1086 3846 was
1096 3796 1144 3846 left
1155 3798 1195 3847 for
1205 3798 1262 3847 him
1272 3786 1352 3850 todo.

276 3879 325 3928 868
341 3881 429 3929 mirere
445 3881 468 3928 si
486 3880 561 3927 Pont.
580 3877 715 3927 Turnebus
731 3878 783 3928 and
799 3880 835 3928 Is.
851 3878 926 3928 Voss.
944 3878 972 3928 in
991 3894 1040 3928 ms.
1059 3884 1143 3938 notos,
1161 3879 1247 3929 before
1262 3879 1352 3937 Lech„
1364 3880 1410 3930 tor

243 3959 362 4007 maereat.
461 3960 509 4009 864
525 3959 621 4009 morrB
637 3974 699 4008 corr.
713 3959 783 4008 Flor.
799 3961 831 4009 31
848 3960 889 4008 lor
902 3976 966 4009 666.
997 3963 1083 4023 probet
1098 3960 1178 4011 Lech.
1209 3962 1323 4023 prohibet
1340 3960 1407 4011 rur-

244 4041 326 4090 nebus
337 4040 378 4089 ior
384 4041 498 4101 prohibe.
597 4041 645 4090 868
661 4040 770 4102 Differre
782 4057 846 4089 anne
858 4043 910 4090 6116
921 4042 970 4091 ud.
983 4043 1023 4091 for
1038 4044 1148 4106 Differre
1159 4044 1263 4091 6666116
1274 4044 1361 4091 666116
1373 4042 1407 4103 Δ,

245 4124 331 4172 666116
339 4123 424 4171 anullo
433 4121 464 4170 B.
499 4125 591 4172 666116
601 4122 672 4172 Nico.
696 4125 808 4173 16666116
816 4123 1037 4175 Edinsmolled.
1071 4123 1408 4188 Dissmecrrteullohuch.;

244 4205 291 4255 but
303 4208 402 4270 differre
415 4205 499 4267 fuem't
509 4221 593 4255 seems
605 4209 652 4255 not
659 4209 687 4255 to
703 4206 735 4256 bo
751 4207 840 4255 Latin.
874 4207 984 4269 Differre
996 4226 1029 4258 66
1040 4212 1109 4259 nullo
1121 4210 1148 4258 ol
1160 4209 1234 4258 Pont.
1248 4208 1312 4257 Mar.
1324 4207 1409 4258 Arar

245 4285 319 4335 Jnnt.
331 4284 422 4335 Lamb.
435 4288 483 4335 eto.
495 4286 543 4335 has
560 4301 595 4335 no
611 4301 695 4336 senso.
795 4287 842 4337 871
856 4296 970 4349 putescat
983 4289 1078 4339 Aranc.
1090 4289 1165 4339 Wak.
1177 4289 1258 4339 Lach.
1271 4290 1311 4338 lor
1322 4296 1408 4351 putes.

240 4373 370 4429 putrescat
386 4365 456 4416 Flor.
465 4367 496 4416 81
510 4366 585 4417 Pont.
596 4366 660 4416 Mar.
672 4367 689 4416 J
691 4368 746 4417 unt.
759 4366 851 4417 Lamb.
864 4367 932 4429 vulg.
967 4369 1019 4419 Cic.
1038 4369 1069 4419 de
1085 4371 1131 4419 fin.
1144 4387 1160 4421 r
1175 4373 1208 4421 38
1224 4386 1254 4421 ue
1267 4372 1410 4434 putisceret
