3092 4984
675 321 725 389 VI

220 486 325 562 atque
347 478 449 543 etiam
470 478 628 565 quosdam
650 501 765 565 cepere
788 481 909 547 oblivia
930 505 1038 548 rerum

222 589 424 656 canetenim,
448 603 556 666 neque
578 604 613 647 se
634 593 766 668 possent
788 607 976 671 cognoscere
998 595 1037 653 ut
1058 588 1128 673 ipsi.

222 683 395 768 multaque
409 683 504 747 humi
519 705 594 748 cum
608 684 782 752 inhumata
795 687 938 754 iacerent
953 711 1086 776 corpora
1100 713 1199 776 supra

224 786 420 871 corporibus,
436 795 549 851 tamen
563 787 704 853 alituum
718 811 823 873 genus
837 798 937 875 atque
952 792 1094 857 ferarum
1196 794 1278 858 1216

223 897 284 951 aut
306 889 417 973 procul
439 889 619 974 apsiliebat‚
642 899 682 955 ut
703 914 812 957 acrem
834 894 957 959 exeiret
979 894 1118 974 odorem,

220 997 290 1065 aut,
313 991 371 1056 ubi
392 999 548 1075 gustarat,
571 991 747 1077 languebat
770 1002 875 1086 morte
897 996 1090 1082 propinqua

224 1114 286 1157 nec
307 1102 419 1162 tamen
441 1095 574 1160 omnino
595 1105 718 1161 temere
740 1096 805 1162 illis
826 1098 948 1164 solibus
970 1101 1038 1166 ulla

224 1197 433 1281 comparebat
455 1197 531 1275 avis,
554 1220 614 1262 nec
636 1199 745 1272 tristia
766 1202 872 1266 saecla
893 1202 1034 1272 ferarum
1166 1223 1275 1272 ,1220

225 1305 379 1369 excibant
397 1304 494 1370 silvis
537 1305 736 1391 languebant
757 1309 912 1395 pleraque
934 1312 1046 1377 morbo

225 1414 260 1471 et
282 1407 511 1473 moriebantur.
554 1430 629 1473 cum
651 1409 765 1495 primis
787 1410 853 1475 fida
874 1433 991 1477 eanum
1013 1414 1061 1478 vis

224 1519 327 1576 strata
348 1513 409 1577 viis
430 1514 574 1578 animam
595 1515 738 1598 ponebat
760 1514 796 1578 in
818 1516 969 1581 omnibus
991 1539 1107 1603 acgre3

224 1618 440 1701 extorquebat
462 1617 550 1682 enim
572 1618 676 1682 vitam
698 1617 748 1682 vis
769 1619 917 1684 morbida
938 1622 1100 1687 membris.

227 1719 430 1804 [incomitata
450 1720 521 1806 rapi
545 1722 713 1786 certabant
735 1722 851 1787 funera
871 1724 984 1809 vasta]
1194 1742 1272 1808 1225

222 1845 282 1887 nec
304 1823 387 1887 ratio
409 1823 532 1888 remedi
553 1825 734 1890 communis
755 1833 845 1891 certa
866 1826 1025 1908 dabatur;

224 1947 301 1989 nam
324 1925 410 2011 quod
432 1925 476 1990 ali
497 1925 632 1992 dederat
653 1927 762 1992 vitalis
784 1928 868 1994 aeris
890 1951 984 1994 auras

223 2027 352 2092 volvere
373 2027 410 2091 in
430 2050 485 2093 ore
507 2027 604 2093 licere
626 2035 660 2094 et
682 2030 764 2095 caeli
786 2031 910 2116 templa
931 2032 1025 2110 tueri,

223 2130 284 2195 hoc
306 2131 378 2195 aliis
400 2141 470 2196 erat
492 2131 593 2197 exitio
615 2133 785 2218 letumque
806 2134 950 2219 parabat

223 2233 306 2298 illud
326 2232 362 2297 in
378 2234 429 2298 his
444 2235 540 2299 rebus
555 2234 777 2299 miserandum
791 2257 986 2322 magnopere
1002 2259 1106 2302 unum
1187 2255 1224 2302 12
1228 2255 1270 2320 30

223 2339 444 2403 aerumnabile
467 2347 545 2417 erat,
568 2338 655 2426 quod
676 2339 734 2404 ubi
755 2361 790 2405 se
814 2340 952 2426 quisque
973 2341 1106 2407 videbat

222 2442 418 2529 implicitum
440 2444 562 2522 morbo,
585 2443 685 2508 morti
706 2443 881 2510 damnatus
902 2453 942 2510 ut
964 2454 1058 2524 esset,

222 2544 373 2611 deficiens
394 2547 504 2611 animo
525 2554 650 2612 maesto
671 2568 745 2611 cum
768 2547 862 2612 corde
884 2546 1018 2627 iacebat,

221 2647 335 2713 funera
355 2657 539 2734 respectans
560 2649 704 2714 animam
726 2648 902 2715 amittebat
923 2648 1054 2716 ibidem.

220 2751 341 2837 quippe
363 2752 487 2816 etenim
509 2751 598 2817 nullo
620 2752 791 2816 cessabant
812 2758 958 2837 tempore
981 2752 1082 2837 apisci
1188 2769 1265 2835 1235

221 2875 263 2917 ex
284 2853 355 2918 aliis
377 2853 457 2918 alios
478 2853 566 2919 avidi
589 2854 738 2939 contagia
760 2853 873 2931 morbi,

112 2968 195 3036 1245
220 2955 379 3042 lanigeras
401 2966 569 3042 tamquam
587 2956 731 3043 pecudes
753 2965 788 3022 et
810 2958 930 3023 bucera
951 2960 1062 3025 saecla

112 3076 199 3142 1237
222 3059 320 3147 idque
342 3062 395 3127 vel
412 3062 448 3126 in
469 3062 583 3148 primis
605 3063 794 3128 cumulabat
816 3063 930 3129 funere
951 3064 1057 3128 funus

181 3150 189 3160 ’
220 3185 298 3228 nam
320 3164 517 3251 quicumque
539 3187 613 3232 suos
635 3165 822 3253 fugitabant
843 3166 946 3232 visere
968 3164 1009 3229 ad
1032 3188 1151 3251 aegros,

107 3391 203 3444 Gamb.
242 3394 376 3445 incesseret
393 3394 485 3445 hamb.
497 3396 538 3446 lor
554 3398 702 3446 increscat.
814 3395 878 3446 1217
895 3395 989 3444 exciret
1004 3390 1095 3451 Lech„
1107 3392 1186 3441 exiret
1197 3390 1268 3441 Brix.

105 3477 152 3528 lor
161 3478 262 3526 exciret.
361 3478 425 3530 1219
441 3481 542 3529 selibra.
574 3481 671 3529 aedibm
682 3476 793 3529 Macrob.
805 3492 833 3526 u1
844 3479 861 3527 2
873 3477 913 3536 11,
925 3476 996 3525 Brix.
1008 3476 1083 3525 Pont.
1095 3473 1170 3523 lunt.

145 3559 209 3609 1220
224 3575 270 3610 nec
286 3561 371 3610 tutia
381 3561 460 3610 Macr.
471 3561 526 3620 l.1.,
537 3561 609 3611 Brix„
625 3560 969 3612 consumeremus.
1001 3573 1046 3608 aec
1056 3558 1140 3621 sortia
1154 3556 1224 3607 Flor.
1235 3557 1268 3606 31

105 3640 457 3692 circumstiterunt.
487 3645 647 3693 menccts'ba'
659 3641 752 3693 hamb.
788 3641 864 3691 Pont.
876 3653 999 3703 proposes
1010 3639 1065 3689 also
1076 3640 1199 3701 aprorum
1216 3639 1270 3690 and

106 3722 177 3772 Mat.
194 3723 223 3772 in
241 3737 322 3785 marg.
334 3722 400 3773 Ven.
418 3727 521 3774 emtis.
554 3740 599 3775 aec
615 3727 694 3775 noxio
711 3725 748 3773 Is.
760 3724 836 3773 Voss.
847 3722 877 3773 in
892 3736 943 3773 ms.
960 3724 1044 3781 notes,
1061 3720 1155 3771 Hcins.
1170 3722 1200 3771 in
1217 3736 1269 3773 ms.

106 3805 186 3854 notes
196 3803 254 3853 who
264 3804 320 3854 also
330 3818 454 3868 proposes
464 3821 509 3855 aec
520 3807 626 3858 inertie.
736 3806 800 3854 1221
817 3805 944 3854 Exeibcnt
955 3802 1036 3854 Lech.
1048 3802 1089 3852 lor
1098 3803 1226 3854 Existunt
1237 3803 1268 3864 A,

106 3887 224 3936 Exibunt
237 3886 269 3944 B,
280 3888 409 3936 Existunt
423 3887 496 3938 Nicc.
613 3888 677 3937 1225
697 3885 727 3935 in
745 3899 791 3949 my
806 3886 883 3936 small
902 3884 942 3936 51.
955 3885 969 3934 1
983 3884 1074 3948 placed
1087 3883 1175 3936 belcre
1191 3886 1269 3937 1235.-

107 3969 124 4019 Ι
136 3967 192 4017 still
203 3967 281 4018 think
291 3967 351 4018 that
363 3968 410 4020 the
425 3972 509 4032 poet’s
520 3968 603 4020 words
613 3968 698 4019 would
708 3967 817 4032 thereby
826 3968 859 4019 be
873 3967 1000 4018 rendered
1010 3982 1082 4018 mors
1093 3967 1270 4028 conscentium

106 4051 157 4101 but
174 4050 189 4099 I
206 4051 472 4102 55555515511235
491 4051 585 4103 should
601 4052 648 4102 not
667 4050 699 4102 bs
717 4050 823 4102 serercd
841 4051 908 4100 from
921 4049 995 4110 1234,
1006 4050 1085 4100 Lucr.
1096 4048 1194 4112 having
1207 4048 1271 4098 mis-

108 4131 292 4196 spprshendcd
308 4149 324 4185 a
341 4136 463 4184 sentence
478 4135 506 4184 ol
524 4133 700 4198 Thucydides:
718 4134 732 4183 1
750 4133 818 4185 bare
832 4133 960 4184 therefore
977 4147 1036 4183 nou
1046 4132 1094 4182 lelt
1105 4133 1169 4181 1225
1189 4132 1218 4180 in
1232 4130 1271 4184 iu

107 4215 189 4278 place,
206 4229 235 4265 as
251 4230 285 4265 an
302 4215 438 4278 imperlcct
455 4215 596 4279 lragmcnt:
614 4229 658 4266 sce
676 4217 752 4265 notes
763 4216 788 4264 2.
904 4214 969 4264 lass
984 4213 1145 4263 amittebctB
1162 4210 1269 4272 riphtlp.

107 4296 232 4345 imistebct
242 4294 274 4345 Δ.
307 4297 420 4345 reiectat
430 4296 502 4346 Nico.
514 4294 618 4347 whence
629 4294 708 4346 much
719 4310 798 4346 error.
889 4296 953 4344 1235
964 4296 1047 4357 apisci
1057 4292 1126 4342 Flcr.
1134 4292 1165 4346 31
1177 4289 1267 4341 Camb-

107 4376 181 4428 Brix.
198 4376 274 4427 Pont.
292 4377 357 4429 hlar.
380 4376 421 4429 lor
441 4379 543 4442 cptsctt.
659 4379 723 4431 1237
747 4378 831 4445 (1215)
855 4375 946 4441 placed
963 4375 1025 4426 here
1043 4373 1078 4437 by
1094 4371 1181 4424 Bentl.
1201 4369 1268 4426 ulter

1138 4467 1180 4536 20
