3092 4984
823 296 859 359 H

345 473 404 536 per
424 455 584 514 terrarum
606 447 710 512 omnis
733 469 804 512 oras
826 447 992 512 fluitantia
1013 448 1158 533 aplustra

346 560 385 617 ut
406 552 577 616 videantur
599 559 634 615 et
654 550 812 614 indicium
834 551 1024 616 mortalibus
1046 551 1152 629 edant,

347 653 440 718 infidi
461 653 559 718 maris
580 652 713 717 insidias
733 653 875 738 virisque
897 652 1072 738 dolumque

347 766 386 823 ut
407 757 511 823 vitare
533 757 644 834 velint,
668 778 750 821 neve
772 757 840 821 ullo
861 765 1007 841 tempore
1030 756 1170 833 credant,

348 861 483 926 subdola
504 883 579 925 cum
601 860 685 925 ridet
706 859 826 946 placidi
846 860 983 945 pellacia
1002 860 1103 945 ponti,

349 967 395 1032 sic
417 967 479 1032 tibi
501 967 529 1032 si
551 967 646 1032 finita
666 968 767 1032 semel
787 966 964 1052 primordia
984 966 1144 1052 quaedam

349 1070 532 1147 constitues,
556 1091 670 1134 aevom
692 1068 859 1134 debebunt
880 1090 990 1153 sparsa
1010 1090 1068 1153 per
1090 1089 1220 1132 omnem

349 1172 518 1238 disiectae
539 1181 648 1238 aestus
670 1171 788 1237 diversi
809 1171 966 1248 materiai,

350 1297 531 1361 numquam
551 1274 588 1339 in
609 1274 782 1338 concilium
802 1282 842 1338 ut
863 1274 987 1359 possint
1009 1273 1174 1359 compulsa
1195 1270 1278 1338 coire

349 1400 409 1443 nec
430 1377 583 1443 remorari
604 1377 640 1442 in
661 1378 795 1443 concilio
817 1399 877 1441 neo
899 1398 1038 1441 crescere
1060 1375 1215 1455 adaucta3

348 1503 487 1567 quorum
509 1491 686 1566 utrumque
707 1481 816 1566 palam
838 1479 908 1544 fieri
929 1480 1103 1544 manifesta
1124 1479 1216 1544 docet
1237 1500 1295 1557 res,

351 1594 386 1650 et
407 1607 458 1650 res
479 1585 628 1671 progigni
649 1592 683 1650 et
704 1584 833 1670 genitas
854 1605 1050 1669 procrescere
1071 1604 1174 1668 posse.

350 1711 418 1754 esse
440 1688 541 1774 igitur
561 1710 679 1774 genere
701 1688 737 1752 in
759 1688 873 1772 quovis
895 1686 1071 1772 primordia
1091 1709 1200 1754 rerum

352 1792 481 1858 infinita
500 1793 609 1878 palam
631 1798 682 1858 est
703 1791 791 1856 unde
813 1791 923 1888 omnia
942 1791 1200 1876 suppeditantur.

394 1897 466 1960 Nec
489 1917 640 1981 superare
663 1901 789 1980 queunt
811 1904 919 1959 motus
941 1894 1052 1980 itaque
1074 1894 1222 1963 exitiales

352 2009 509 2087 perpetuo
531 2022 637 2087 neque
659 2000 695 2064 in
717 2008 886 2064 aeternum
908 1999 1042 2083 sepelire
1065 1999 1211 2076 salutem,

353 2127 412 2170 nec
434 2126 527 2190 porro
549 2126 657 2169 rerum
678 2103 837 2188 genitales
859 2102 1062 2188 auctificique

353 2216 462 2273 motus
482 2216 640 2294 perpetuo
657 2214 796 2291 ‘possunt
818 2227 944 2269 servare
966 2215 1083 2272 creata.

354 2311 400 2377 sic
421 2333 525 2397 aequo
546 2310 669 2396 geritur
690 2309 867 2376 certamine
889 2310 1120 2394 principiorum

354 2437 395 2479 ex
416 2414 545 2479 infinito
567 2421 768 2480 contractum
791 2420 936 2496 tempore
957 2413 1099 2479 bellum:

354 2534 442 2581 nunc
463 2516 516 2581 hic
537 2538 624 2581 nunc
645 2515 712 2580 illic
734 2522 890 2602 superant
910 2515 1024 2583 vitalia
1044 2537 1152 2581 rerum

354 2627 390 2683 et
411 2629 605 2705 superantur
625 2619 714 2684 item.
737 2618 892 2684 miscetur
912 2619 1024 2683 funere
1049 2640 1143 2704 vagor

355 2743 454 2808 quem
474 2723 568 2806 pueri
589 2723 710 2787 tollunt
731 2720 866 2787 visentis
887 2721 1020 2786 luminis
1041 2743 1129 2802 oras;
1191 2730 1194 2739 '

355 2844 415 2888 neo
436 2846 501 2889 nox
522 2824 590 2888 ulla
611 2823 698 2888 diem
720 2846 827 2909 neque
849 2830 977 2888 noctem
999 2845 1114 2888 aurora
1134 2829 1275 2889 secutast

356 2949 439 3012 quae
460 2949 527 2992 non
548 2926 688 2991 audierit
709 2927 828 2991 mixtos
849 2927 1012 3011 vagitibus
1033 2926 1137 3012 aegris

355 3030 499 3118 ploratus
521 3031 633 3095 mortis
654 3030 789 3096 comites
810 3036 845 3095 et
866 3030 986 3095 funeris
1008 3030 1080 3104 atri.

400 3135 487 3200 Illud
508 3136 544 3200 in
564 3134 616 3200 his
638 3134 843 3220 obsignatum
865 3156 994 3220 quoque
1016 3134 1111 3198 rebus
1133 3133 1251 3199 habere

357 3239 507 3306 convenit
528 3249 563 3305 et
583 3237 719 3311 memori
740 3237 934 3302 mandatum
955 3244 1065 3302 mente
1087 3244 1206 3316 tenere,

359 3345 407 3410 nil
428 3366 503 3422 esse,
525 3343 736 3429 inpromptu
758 3363 896 3427 quorum
918 3348 1035 3409 natura
1056 3336 1193 3423 iidetur,

359 3448 445 3535 quod
466 3469 582 3533 genere
606 3469 647 3511 ex
668 3468 734 3511 uno
756 3445 910 3511 consistat
927 3443 1165 3530 principiorum,

358 3574 418 3616 nec
439 3551 612 3635 quicquam
635 3550 721 3635 quod
742 3572 809 3615 non
830 3549 990 3634 permixto
1012 3548 1135 3612 semine
1156 3556 1287 3615 constet
1365 3553 1428 3632 585

358 3659 393 3715 et
415 3651 640 3734 quodcumque
662 3648 764 3735 magis
787 3651 835 3713 vis
858 3651 977 3715 multas
997 3649 1140 3736 possidet
1161 3649 1196 3713 in
1218 3673 1252 3719 se

358 3760 456 3836 atque
478 3758 662 3836 potestates,
685 3751 733 3815 ita
753 3753 894 3836 plurima
915 3753 1146 3840 principiorum

358 3854 394 3919 in
415 3875 484 3919 sese
506 3876 625 3940 genera
646 3876 684 3919 ac
705 3855 809 3919 varias
831 3855 924 3921 docet
946 3879 1015 3922 esse
1036 3857 1163 3941 figuras.

358 3956 515 4044 principio
536 3956 633 4029 tellus
654 3957 755 4022 habet
776 3958 811 4021 in
833 3980 867 4022 se
890 3981 1020 4045 corpora
1040 3960 1146 4048 prima

272 4110 383 4173 putem
392 4107 483 4158 Lamb.
494 4107 534 4157 lor
544 4121 659 4157 caventa.
693 4108 795 4161 coriaco
805 4107 877 4158 Nico.
959 4111 1007 4161 555
1024 4113 1139 4173 aplustra
1150 4108 1264 4160 Politian
1274 4108 1341 4160 Mar.
1353 4110 1432 4162 Junt.

272 4188 435 4256 iorplarrrtrc
445 4190 477 4250 A,
484 4191 603 4254 plaustro
617 4187 719 4239 BNico.
731 4188 823 4240 camb.
917 4190 967 4243 580
982 4194 1006 4242 si
1013 4194 1094 4255 finita
1104 4193 1127 4242 B
1138 4206 1202 4242 corr.
1213 4191 1274 4242 Ver.
1284 4191 1352 4244 Van.
1363 4192 1433 4244 Mar.

339 4273 345 4286 '
402 4273 429 4321 η’
459 4304 467 4322 .

272 4272 558 4417 ίωδἓθὙιιοῖῐωοιινιρυε
576 4349 657 4403 Lech.
676 4351 717 4402 ior
737 4367 916 4418 qucacmqae:
936 4356 1056 4418 previous
1073 4355 1170 4407 editors
1189 4355 1256 4407 hare
1272 4371 1337 4419 gone
1350 4356 1434 4408 much
