3092 4984
374 487 516 553 carmine
537 485 644 552 Pierio
665 483 826 549 rationem
849 502 1009 568 exponere
1029 491 1173 548 nostram

375 599 409 657 et
431 591 523 677 quasi
544 610 677 655 museeo
698 586 785 652 dulci
806 585 993 671 contingere
1014 585 1120 665 melle,

374 695 402 760 si
423 694 486 760 tibi
507 693 590 759 forte
610 692 756 757 animum
778 689 837 755 tali
859 689 985 754 ratione
1006 697 1118 754 tenere

374 799 520 864 versibus
541 797 577 862 in
599 797 717 862 nostris
740 816 875 882 possem,
901 792 981 858 dum
1001 793 1156 879 perspicis
1178 815 1308 859 omnem

374 909 526 966 naturam
547 921 655 965 rerum
677 920 743 984 qua
763 904 889 962 constet
911 904 1042 981 compta
1062 896 1174 981 figura„
1378 910 1453 980 950

418 1003 484 1071 Sed
506 1001 660 1089 quoniam
682 1000 776 1066 docui
798 999 990 1065 solidissima
1012 999 1162 1065 materiai

374 1129 506 1194 corpora
525 1113 683 1192 perpetuo
703 1104 839 1169 volitare
861 1104 983 1169 invicta
1002 1126 1062 1190 per
1082 1127 1204 1182 aevom,

373 1234 461 1276 nunc
483 1233 551 1296 age,
574 1208 713 1274 summai
732 1208 893 1294 quaedam
914 1209 957 1274 sit
978 1208 1052 1274 finis
1072 1231 1182 1275 eorum

372 1336 475 1380 necne
494 1313 545 1391 sit,
568 1310 772 1392 evolvamus3
794 1310 875 1375 item
897 1310 984 1397 quod
1006 1311 1102 1377 inane
1123 1320 1320 1398 repertumst

374 1439 431 1483 seu
452 1416 540 1481 locus
561 1436 600 1480 ae
620 1413 772 1499 spatium,
795 1435 846 1479 res
870 1413 905 1477 in
928 1435 992 1499 quo
1014 1435 1163 1499 quaeque
1184 1424 1347 1501 gerantur,
1377 1430 1445 1500 955

373 1519 597 1607 pervideamus
617 1526 729 1583 utrum
751 1517 883 1583 finitum
904 1516 1052 1583 funditus
1074 1540 1171 1584 omne

234 1606 260 1673 νᾸ
373 1630 499 1688 constet
518 1643 561 1687 an
582 1621 778 1715 immensum
799 1627 913 1706 pateat
933 1628 1088 1705 vasteque
1108 1620 1311 1707 profundum

417 1727 523 1793 Omne
545 1725 631 1811 quod
653 1732 704 1790 est
725 1724 825 1811 igitur
846 1724 938 1790 nullo
958 1725 1090 1811 regione
1112 1726 1239 1790 viarum

372 1830 555 1909 finitumst3
575 1849 716 1914 namque
739 1835 923 1893 extremum
943 1826 1085 1893 debebat
1105 1828 1232 1894 habere

373 1943 555 2001 extremum
576 1954 669 2018 porro
690 1932 812 1998 nullius
831 1954 924 2018 posse
945 1930 1075 1998 videtur
1376 1934 1450 2016 960

373 2060 452 2116 esse,
476 2037 540 2102 uisi
562 2036 651 2102 ultra
671 2036 714 2102 sit
737 2035 823 2121 quod
845 2035 958 2118 finiet3
980 2045 1020 2102 ut
1040 2035 1190 2103 rideatur

373 2165 438 2229 quo
459 2164 525 2207 non
546 2141 673 2227 longius
694 2140 774 2206 haec
796 2162 908 2206 sensus
928 2148 1046 2207 natura
1066 2151 1229 2229 sequatur.

373 2269 459 2313 nunc
480 2255 573 2313 extra
593 2267 755 2311 summam
777 2246 932 2331 quoniam
952 2246 1001 2311 nil
1022 2268 1092 2312 esse
1113 2245 1291 2325 fatendum,

372 2374 438 2418 non
459 2352 560 2417 habet
582 2359 771 2430 extremum,
794 2359 883 2416 caret
904 2374 980 2437 ergo
1001 2351 1067 2417 fine
1087 2351 1254 2440 modoque.
1277 2341 1406 2403 Μ

372 2475 433 2519 nec
454 2453 553 2519 refert
574 2454 692 2539 quibus
713 2453 850 2519 adsistas
870 2454 1055 2540 regionibus
1077 2455 1165 2536 eius3
1375 2456 1444 2539 965

373 2558 586 2644 usqueadeo,
609 2580 707 2644 quem
729 2559 866 2645 quisque
888 2560 996 2624 locum
1016 2561 1166 2646 possedit,
1189 2560 1225 2624 in
1247 2559 1351 2625 omnis

375 2659 569 2726 tantundem
590 2660 691 2746 pertis
713 2661 880 2726 infinitum
900 2684 996 2727 omne
1018 2661 1183 2748 relinquit.

372 2770 541 2851 praeterea
562 2763 589 2828 si
611 2762 678 2828 iam
698 2762 830 2829 finitum
852 2763 1069 2829 constituetur

371 2889 467 2934 omne
489 2865 575 2952 quod
598 2873 647 2931 est
668 2866 819 2952 spatium,
842 2866 943 2952 siquis
965 2874 1132 2952 procurrat
1152 2866 1194 2932 ad
1216 2888 1287 2933 oras

372 2970 506 3035 ultimus
528 2978 689 3035 extremas
710 2967 871 3054 iaciatque
892 2969 1024 3034 volatile
1045 2970 1158 3049 telum,
1375 2987 1446 3054 970

372 3073 406 3138 id
427 3071 542 3139 validis
563 3079 675 3137 utrum
697 3079 881 3136 contortum
902 3071 1024 3137 viribus
1046 3072 1093 3138 ire

372 3198 436 3263 quo
457 3175 555 3241 fuerit
576 3175 711 3241 missum
732 3174 837 3239 mavis
858 3174 1019 3260 longeque
1040 3175 1156 3254 volare,

370 3303 412 3346 an
434 3279 603 3366 prohibere
625 3277 749 3365 aliquid
770 3298 881 3343 censes
903 3276 1094 3363 obstareque
1115 3281 1230 3363 posset

371 3382 563 3448 alterutrum
585 3380 715 3446 fatearis
736 3379 825 3445 enim
847 3401 1020 3465 sumasque
1042 3388 1210 3447 necessest

370 3509 509 3573 quorum
529 3495 706 3572 utrumque
727 3485 790 3551 tibi
812 3484 968 3571 effugium
990 3485 1171 3571 praecludit
1191 3493 1227 3551 et
1248 3506 1344 3551 omne
1375 3500 1441 3571 975

369 3591 456 3677 cogit
477 3599 516 3656 ut
538 3599 691 3677 exempta
711 3589 867 3655 concedes
888 3589 953 3655 fine
975 3597 1101 3675 patere.

369 3716 447 3759 nam
468 3695 535 3760 sive
557 3702 607 3760 est
628 3694 745 3781 aliquit
766 3694 854 3781 quod
875 3695 1009 3781 probeat
1030 3693 1214 3779 officiatque

369 3795 535 3881 quominu'
556 3817 621 3882 quo
642 3797 778 3861 missum
799 3805 850 3862 est
871 3796 982 3862 veniat
1003 3795 1127 3883 finique
1148 3797 1232 3862 locet
1254 3817 1298 3876 se,

277 3972 355 4027 paeto
365 3964 458 4017 Heins.
470 3965 500 4017 ln
510 3979 560 4017 ms.
574 3968 650 4018 notes
664 3967 717 4019 and
729 3967 810 4019 Lech.
827 3967 924 4034 rightly
933 3969 974 4020 for
979 3969 1059 4033 sacto.
1158 3968 1207 4020 954
1223 3968 1306 4019 Necte
1316 3969 1352 4018 rit
1362 3967 1443 4020 Pont.

281 4047 374 4097 bamb.
391 4048 432 4098 lor
446 4063 491 4098 nec
507 4050 549 4098 rit.
658 4049 706 4101 957
733 4057 850 4113 veruque
866 4049 938 4101 Nico.
955 4048 1092 4112 corrupted
1107 4047 1164 4099 into
1180 4051 1304 4113 0quer
1331 4048 1376 4100 his
1392 4051 1443 4101 lol-

280 4132 371 4183 lowerr
381 4130 492 4192 uquroe
503 4129 560 4181 into
570 4130 610 4178 vel
620 4131 743 4193 oqurm
760 4145 799 4190 or,
810 4145 840 4181 as
851 4132 916 4182 Mar.
928 4147 1008 4195 marg.
1023 4132 1093 4207 Flor.
1105 4133 1138 4183 Bt
1156 4131 1215 4181 Aru
1232 4130 1316 4191 June,
1330 4135 1445 4198 patefiat

280 4215 316 4265 ad
325 4227 411 4277 mque.
509 4212 558 4263 966
574 4215 654 4262 mucis
665 4212 737 4264 Nice.
752 4213 793 4263 for
807 4229 901 4264 mrum.
999 4215 1047 4266 971
1064 4215 1097 4264 ld
1110 4216 1205 4264 validis
1218 4212 1311 4264 hamb.
1327 4214 1386 4265 first
1401 4215 1446 4265 tor

280 4298 416 4349 Invalidir.
449 4296 520 4348 Flor.
536 4299 568 4347 82
586 4297 639 4347 and
656 4297 721 4349 Mar.
740 4298 770 4348 in
789 4298 889 4363 margin
908 4298 1012 4362 explain
1028 4300 1150 4350 invalidis
1168 4312 1197 4349 as
1215 4301 1290 4349 valde
1306 4301 1412 4349 validm

182 4408 185 4413 ⁴
312 4383 361 4434 977
376 4383 470 4445 rullei&
485 4380 578 4433 Lemb.
590 4381 686 4446 rightly
696 4383 747 4433 and
760 4382 846 4434 before
863 4382 920 4433 him
938 4383 1070 4448 Gryphius
1087 4383 1115 4433 of
1129 4382 1294 4447 Iryons1534
1311 4383 1363 4434 and
1375 4384 1443 4435 1540
