<?xml version="1.0" encoding="UTF-8"?>
<!DOCTYPE html PUBLIC "-//W3C//DTD XHTML 1.0 Transitional//EN"
    "http://www.w3.org/TR/xhtml1/DTD/xhtml1-transitional.dtd">
<html xmlns="http://www.w3.org/1999/xhtml" xml:lang="en" lang="en">
 <head>
  <title>
</title>
<meta http-equiv="Content-Type" content="text/html;charset=utf-8" />
  <meta name='ocr-system' content='tesseract 3.04.00' />
  <meta name='ocr-capabilities' content='ocr_page ocr_carea ocr_par ocr_line ocrx_word'/>
</head>
<body>
  <div class='ocr_page' id='page_1' title='image "./dererumnaturali01munrgoog/dererumnaturali01munrgoog_0256.png"; bbox 0 0 3092 4984; ppageno 0'>
   <div class='ocr_carea' id='block_1_1' title="bbox 197 472 1308 3556">
    <p class='ocr_par' dir='ltr' id='par_1_1' title="bbox 197 472 1308 3556">
     <span class='ocr_line' id='line_1_1' title="bbox 231 472 1044 560; baseline 0.002 -21"><span class='ocrx_word' id='word_1_1' title='bbox 231 475 355 541; x_wconf 84' lang='lat' dir='ltr'><strong>volvier</strong></span> <span class='ocrx_word' id='word_1_2' title='bbox 378 484 413 541; x_wconf 87' lang='lat' dir='ltr'><strong>et</strong></span> <span class='ocrx_word' id='word_1_3' title='bbox 436 475 541 541; x_wconf 86' lang='lat' dir='ltr'><strong>varias</strong></span> <span class='ocrx_word' id='word_1_4' title='bbox 563 472 742 560; x_wconf 78' lang='lat' dir='ltr'>splendoris</span> <span class='ocrx_word' id='word_1_5' title='bbox 762 474 897 541; x_wconf 88' lang='lat' dir='ltr'><strong>reddere</strong></span> <span class='ocrx_word' id='word_1_6' title='bbox 918 475 1044 541; x_wconf 76' lang='lat' dir='ltr'><strong>formas.</strong></span> 
     </span>
     <span class='ocr_line' id='line_1_2' title="bbox 197 578 1137 666; baseline -0.001 -21"><span class='ocrx_word' id='word_1_7' title='bbox 197 581 211 602; x_wconf 70' lang='lat'><em>⁶</em></span> <span class='ocrx_word' id='word_1_8' title='bbox 231 603 347 666; x_wconf 86' lang='lat' dir='ltr'><strong>corpus</strong></span> <span class='ocrx_word' id='word_1_9' title='bbox 368 580 457 646; x_wconf 89' lang='lat' dir='ltr'><strong>enim</strong></span> <span class='ocrx_word' id='word_1_10' title='bbox 478 580 556 646; x_wconf 87' lang='lat' dir='ltr'><strong>licet</strong></span> <span class='ocrx_word' id='word_1_11' title='bbox 577 602 647 645; x_wconf 85' lang='lat' dir='ltr'><strong>esse</strong></span> <span class='ocrx_word' id='word_1_12' title='bbox 668 578 758 644; x_wconf 89' lang='lat' dir='ltr'><strong>aliud</strong></span> <span class='ocrx_word' id='word_1_13' title='bbox 779 578 866 665; x_wconf 90' lang='lat' dir='ltr'><strong>quod</strong></span> <span class='ocrx_word' id='word_1_14' title='bbox 889 578 993 644; x_wconf 77' lang='lat' dir='ltr'><strong>sertin</strong></span> <span class='ocrx_word' id='word_1_15' title='bbox 1014 586 1049 644; x_wconf 87' lang='lat' dir='ltr'><strong>et</strong></span> <span class='ocrx_word' id='word_1_16' title='bbox 1070 601 1137 644; x_wconf 86' lang='lat' dir='ltr'><strong>una</strong></span> 
     </span>
     <span class='ocr_line' id='line_1_3' title="bbox 232 682 985 768; baseline -0.001 -20"><span class='ocrx_word' id='word_1_17' title='bbox 232 683 354 750; x_wconf 78' lang='lat' dir='ltr'><strong>labitur</strong></span> <span class='ocrx_word' id='word_1_18' title='bbox 375 683 568 750; x_wconf 81' lang='lat' dir='ltr'><strong>omnimodis</strong></span> <span class='ocrx_word' id='word_1_19' title='bbox 589 705 757 749; x_wconf 74' lang='lat' dir='ltr'><strong>occursans</strong></span> <span class='ocrx_word' id='word_1_20' title='bbox 779 682 985 768; x_wconf 84' lang='lat' dir='ltr'><strong>efficiensque</strong></span> 
     </span>
     <span class='ocr_line' id='line_1_4' title="bbox 232 783 1115 872; baseline 0.002 -23"><span class='ocrx_word' id='word_1_21' title='bbox 232 808 293 850; x_wconf 90' lang='lat' dir='ltr'><strong>nec</strong></span> <span class='ocrx_word' id='word_1_22' title='bbox 314 786 400 872; x_wconf 88' lang='lat' dir='ltr'><strong>potis</strong></span> <span class='ocrx_word' id='word_1_23' title='bbox 421 794 471 851; x_wconf 90' lang='lat' dir='ltr'><strong>est</strong></span> <span class='ocrx_word' id='word_1_24' title='bbox 493 785 589 864; x_wconf 87' lang='lat' dir='ltr'><strong>cerni,</strong></span> <span class='ocrx_word' id='word_1_25' title='bbox 612 784 691 872; x_wconf 87' lang='lat' dir='ltr'><strong>quia</strong></span> <span class='ocrx_word' id='word_1_26' title='bbox 711 805 839 850; x_wconf 85' lang='lat' dir='ltr'><strong>cassum</strong></span> <span class='ocrx_word' id='word_1_27' title='bbox 860 783 984 849; x_wconf 87' lang='lat' dir='ltr'><strong>lumine</strong></span> <span class='ocrx_word' id='word_1_28' title='bbox 1005 784 1115 851; x_wconf 84' lang='lat' dir='ltr'><strong>fertur.</strong></span> 
     </span>
     <span class='ocr_line' id='line_1_5' title="bbox 234 886 1306 974; baseline 0.003 -21"><span class='ocrx_word' id='word_1_29' title='bbox 234 888 419 973; x_wconf 80' lang='lat' dir='ltr'><strong>versarique</strong></span> <span class='ocrx_word' id='word_1_30' title='bbox 439 896 555 974; x_wconf 89' lang='lat' dir='ltr'><strong>potest,</strong></span> <span class='ocrx_word' id='word_1_31' title='bbox 577 887 692 972; x_wconf 83' lang='lat' dir='ltr'>globus</span> <span class='ocrx_word' id='word_1_32' title='bbox 712 895 759 965; x_wconf 91' lang='lat' dir='ltr'><strong>ut,</strong></span> <span class='ocrx_word' id='word_1_33' title='bbox 782 887 810 951; x_wconf 90' lang='lat' dir='ltr'><strong>si</strong></span> <span class='ocrx_word' id='word_1_34' title='bbox 832 887 923 964; x_wconf 80' lang='lat' dir='ltr'><strong>sorte,</strong></span> <span class='ocrx_word' id='word_1_35' title='bbox 945 886 1025 973; x_wconf 85' lang='lat' dir='ltr'><strong>pilai</strong></span> <span class='ocrx_word' id='word_1_36' title='bbox 1035 910 1045 969; x_wconf 87' lang='lat'>;</span> <span class='ocrx_word' id='word_1_37' title='bbox 1241 907 1306 974; x_wconf 86' lang='lat'><strong>720</strong></span> 
     </span>
     <span class='ocr_line' id='line_1_6' title="bbox 232 989 1007 1080; baseline 0.001 -26"><span class='ocrx_word' id='word_1_38' title='bbox 232 989 368 1054; x_wconf 86' lang='lat' dir='ltr'><strong>dimidia</strong></span> <span class='ocrx_word' id='word_1_39' title='bbox 389 1012 430 1054; x_wconf 86' lang='lat' dir='ltr'><strong>ex</strong></span> <span class='ocrx_word' id='word_1_40' title='bbox 450 991 537 1075; x_wconf 84' lang='lat' dir='ltr'><strong>parti</strong></span> <span class='ocrx_word' id='word_1_41' title='bbox 558 989 710 1080; x_wconf 84' lang='lat' dir='ltr'><strong>candenti</strong></span> <span class='ocrx_word' id='word_1_42' title='bbox 731 989 855 1054; x_wconf 90' lang='lat' dir='ltr'><strong>lumine</strong></span> <span class='ocrx_word' id='word_1_43' title='bbox 877 989 1007 1068; x_wconf 84' lang='lat' dir='ltr'><strong>tinctus,</strong></span> 
     </span>
     <span class='ocr_line' id='line_1_7' title="bbox 234 1095 1045 1184; baseline -0.002 -22"><span class='ocrx_word' id='word_1_44' title='bbox 234 1098 453 1184; x_wconf 82' lang='lat' dir='ltr'>versandoque</span> <span class='ocrx_word' id='word_1_45' title='bbox 474 1099 607 1184; x_wconf 87' lang='lat' dir='ltr'>globum</span> <span class='ocrx_word' id='word_1_46' title='bbox 626 1096 781 1163; x_wconf 88' lang='lat' dir='ltr'><strong>variantis</strong></span> <span class='ocrx_word' id='word_1_47' title='bbox 803 1096 897 1162; x_wconf 91' lang='lat' dir='ltr'><strong>edere</strong></span> <span class='ocrx_word' id='word_1_48' title='bbox 917 1095 1045 1172; x_wconf 84' lang='lat' dir='ltr'><strong>formas,</strong></span> 
     </span>
     <span class='ocr_line' id='line_1_8' title="bbox 235 1198 1221 1287; baseline 0 -21"><span class='ocrx_word' id='word_1_49' title='bbox 235 1201 376 1287; x_wconf 92' lang='lat' dir='ltr'><strong>donique</strong></span> <span class='ocrx_word' id='word_1_50' title='bbox 398 1223 471 1266; x_wconf 89' lang='lat' dir='ltr'><strong>eam</strong></span> <span class='ocrx_word' id='word_1_51' title='bbox 492 1209 628 1287; x_wconf 84' lang='lat' dir='ltr'><strong>partem,</strong></span> <span class='ocrx_word' id='word_1_52' title='bbox 651 1221 875 1285; x_wconf 87' lang='lat' dir='ltr'><strong>quaecumque</strong></span> <span class='ocrx_word' id='word_1_53' title='bbox 896 1207 947 1264; x_wconf 85' lang='lat' dir='ltr'><strong>eat</strong></span> <span class='ocrx_word' id='word_1_54' title='bbox 967 1198 1097 1284; x_wconf 78' lang='lat' dir='ltr'><strong>ignibus</strong></span> <span class='ocrx_word' id='word_1_55' title='bbox 1117 1210 1221 1280; x_wconf 89' lang='lat' dir='ltr'><strong>aucta,</strong></span> 
     </span>
     <span class='ocr_line' id='line_1_9' title="bbox 235 1303 1046 1392; baseline -0.004 -22"><span class='ocrx_word' id='word_1_56' title='bbox 235 1305 277 1370; x_wconf 89' lang='lat' dir='ltr'><strong>ad</strong></span> <span class='ocrx_word' id='word_1_57' title='bbox 298 1306 438 1392; x_wconf 89' lang='lat' dir='ltr'><strong>speciem</strong></span> <span class='ocrx_word' id='word_1_58' title='bbox 460 1305 560 1370; x_wconf 90' lang='lat' dir='ltr'><strong>vertit</strong></span> <span class='ocrx_word' id='word_1_59' title='bbox 580 1304 672 1369; x_wconf 88' lang='lat' dir='ltr'><strong>nobis</strong></span> <span class='ocrx_word' id='word_1_60' title='bbox 694 1303 867 1389; x_wconf 87' lang='lat' dir='ltr'><strong>oculosque</strong></span> <span class='ocrx_word' id='word_1_61' title='bbox 882 1303 1046 1389; x_wconf 82' lang='lat' dir='ltr'><strong>patentis3</strong></span> 
     </span>
     <span class='ocr_line' id='line_1_10' title="bbox 235 1404 1301 1491; baseline 0.002 -21"><span class='ocrx_word' id='word_1_62' title='bbox 235 1405 311 1471; x_wconf 89' lang='lat' dir='ltr'><strong>inde</strong></span> <span class='ocrx_word' id='word_1_63' title='bbox 332 1406 523 1471; x_wconf 80' lang='lat' dir='ltr'><strong>minutatim</strong></span> <span class='ocrx_word' id='word_1_64' title='bbox 544 1413 631 1470; x_wconf 90' lang='lat' dir='ltr'><strong>retro</strong></span> <span class='ocrx_word' id='word_1_65' title='bbox 652 1412 844 1490; x_wconf 72' lang='lat' dir='ltr'><strong>contorquet</strong></span> <span class='ocrx_word' id='word_1_66' title='bbox 866 1413 900 1470; x_wconf 87' lang='lat' dir='ltr'><strong>et</strong></span> <span class='ocrx_word' id='word_1_67' title='bbox 922 1404 1030 1470; x_wconf 81' lang='lat' dir='ltr'><strong>aufert</strong></span> <span class='ocrx_word' id='word_1_68' title='bbox 1241 1424 1281 1491; x_wconf 83' lang='lat'><strong>72</strong></span> <span class='ocrx_word' id='word_1_69' title='bbox 1285 1423 1301 1491; x_wconf 80' lang='lat'>5</span> 
     </span>
     <span class='ocr_line' id='line_1_11' title="bbox 235 1506 1060 1595; baseline -0.004 -21"><span class='ocrx_word' id='word_1_70' title='bbox 235 1509 401 1574; x_wconf 80' lang='lat' dir='ltr'><strong>luciferam</strong></span> <span class='ocrx_word' id='word_1_71' title='bbox 423 1517 551 1595; x_wconf 86' lang='lat' dir='ltr'><strong>partem</strong></span> <span class='ocrx_word' id='word_1_72' title='bbox 573 1506 814 1593; x_wconf 76' lang='lat' dir='ltr'><strong>glomeraminis</strong></span> <span class='ocrx_word' id='word_1_73' title='bbox 837 1515 937 1592; x_wconf 90' lang='lat' dir='ltr'><strong>atque</strong></span> <span class='ocrx_word' id='word_1_74' title='bbox 960 1507 1060 1592; x_wconf 80' lang='lat' dir='ltr'><strong>pilni3</strong></span> 
     </span>
     <span class='ocr_line' id='line_1_12' title="bbox 235 1610 1046 1699; baseline -0.004 -21"><span class='ocrx_word' id='word_1_75' title='bbox 235 1622 274 1678; x_wconf 91' lang='lat' dir='ltr'><strong>ut</strong></span> <span class='ocrx_word' id='word_1_76' title='bbox 295 1613 492 1699; x_wconf 85' lang='lat' dir='ltr'><strong>Babylonica</strong></span> <span class='ocrx_word' id='word_1_77' title='bbox 513 1611 714 1678; x_wconf 80' lang='lat' dir='ltr'><strong>chaldaeum</strong></span> <span class='ocrx_word' id='word_1_78' title='bbox 736 1610 883 1675; x_wconf 87' lang='lat' dir='ltr'><strong>doctrina</strong></span> <span class='ocrx_word' id='word_1_79' title='bbox 900 1610 1046 1675; x_wconf 80' lang='lat' dir='ltr'><strong>refutans</strong></span> 
     </span>
     <span class='ocr_line' id='line_1_13' title="bbox 235 1713 1072 1803; baseline -0.005 -20"><span class='ocrx_word' id='word_1_80' title='bbox 235 1718 467 1803; x_wconf 76' lang='lat' dir='ltr'><strong>astrologorum</strong></span> <span class='ocrx_word' id='word_1_81' title='bbox 488 1725 592 1781; x_wconf 88' lang='lat' dir='ltr'><strong>artem</strong></span> <span class='ocrx_word' id='word_1_82' title='bbox 613 1724 725 1780; x_wconf 87' lang='lat' dir='ltr'><strong>contra</strong></span> <span class='ocrx_word' id='word_1_83' title='bbox 745 1714 935 1780; x_wconf 76' lang='lat' dir='ltr'><strong>convincere</strong></span> <span class='ocrx_word' id='word_1_84' title='bbox 956 1713 1072 1794; x_wconf 85' lang='lat' dir='ltr'><strong>tendit,</strong></span> 
     </span>
     <span class='ocr_line' id='line_1_14' title="bbox 235 1819 1210 1909; baseline 0.004 -24"><span class='ocrx_word' id='word_1_85' title='bbox 235 1820 369 1906; x_wconf 87' lang='lat' dir='ltr'><strong>proinde</strong></span> <span class='ocrx_word' id='word_1_86' title='bbox 391 1820 482 1906; x_wconf 90' lang='lat' dir='ltr'><strong>quasi</strong></span> <span class='ocrx_word' id='word_1_87' title='bbox 504 1819 538 1884; x_wconf 92' lang='lat' dir='ltr'><strong>id</strong></span> <span class='ocrx_word' id='word_1_88' title='bbox 560 1819 630 1884; x_wconf 88' lang='lat' dir='ltr'><strong>fieri</strong></span> <span class='ocrx_word' id='word_1_89' title='bbox 651 1827 795 1905; x_wconf 87' lang='lat' dir='ltr'><strong>nequeat</strong></span> <span class='ocrx_word' id='word_1_90' title='bbox 817 1819 903 1905; x_wconf 89' lang='lat' dir='ltr'><strong>quod</strong></span> <span class='ocrx_word' id='word_1_91' title='bbox 926 1828 1052 1905; x_wconf 87' lang='lat' dir='ltr'><strong>pugnat</strong></span> <span class='ocrx_word' id='word_1_92' title='bbox 1073 1829 1210 1909; x_wconf 87' lang='lat' dir='ltr'><strong>uterque</strong></span> 
     </span>
     <span class='ocr_line' id='line_1_15' title="bbox 235 1922 1305 2011; baseline 0 -22"><span class='ocrx_word' id='word_1_93' title='bbox 235 1933 293 1989; x_wconf 86' lang='lat' dir='ltr'><strong>aut</strong></span> <span class='ocrx_word' id='word_1_94' title='bbox 314 1923 422 1988; x_wconf 89' lang='lat' dir='ltr'><strong>minus</strong></span> <span class='ocrx_word' id='word_1_95' title='bbox 443 1924 504 1988; x_wconf 89' lang='lat' dir='ltr'><strong>hoc</strong></span> <span class='ocrx_word' id='word_1_96' title='bbox 525 1923 581 1987; x_wconf 92' lang='lat' dir='ltr'><strong>illo</strong></span> <span class='ocrx_word' id='word_1_97' title='bbox 602 1923 646 1988; x_wconf 86' lang='lat' dir='ltr'><strong>sit</strong></span> <span class='ocrx_word' id='word_1_98' title='bbox 667 1945 724 1987; x_wconf 91' lang='lat' dir='ltr'><strong>cur</strong></span> <span class='ocrx_word' id='word_1_99' title='bbox 744 1922 934 2008; x_wconf 79' lang='lat' dir='ltr'><strong>amplectier</strong></span> <span class='ocrx_word' id='word_1_100' title='bbox 955 1923 1050 1989; x_wconf 79' lang='lat' dir='ltr'><strong>ausis</strong></span> <span class='ocrx_word' id='word_1_101' title='bbox 1240 1944 1305 2011; x_wconf 83' lang='lat'><strong>730</strong></span> 
     </span>
     <span class='ocr_line' id='line_1_16' title="bbox 235 2024 1095 2112; baseline 0 -22"><span class='ocrx_word' id='word_1_102' title='bbox 235 2025 376 2112; x_wconf 91' lang='lat' dir='ltr'><strong>denique</strong></span> <span class='ocrx_word' id='word_1_103' title='bbox 398 2047 455 2090; x_wconf 89' lang='lat' dir='ltr'><strong>cur</strong></span> <span class='ocrx_word' id='word_1_104' title='bbox 476 2033 619 2111; x_wconf 89' lang='lat' dir='ltr'><strong>nequeat</strong></span> <span class='ocrx_word' id='word_1_105' title='bbox 639 2047 766 2110; x_wconf 89' lang='lat' dir='ltr'><strong>semper</strong></span> <span class='ocrx_word' id='word_1_106' title='bbox 787 2047 872 2091; x_wconf 86' lang='lat' dir='ltr'><strong>nova</strong></span> <span class='ocrx_word' id='word_1_107' title='bbox 892 2024 973 2089; x_wconf 89' lang='lat' dir='ltr'><strong>luna</strong></span> <span class='ocrx_word' id='word_1_108' title='bbox 993 2024 1095 2090; x_wconf 88' lang='lat' dir='ltr'><strong>creari</strong></span> 
     </span>
     <span class='ocr_line' id='line_1_17' title="bbox 237 2124 972 2210; baseline -0.003 -19"><span class='ocrx_word' id='word_1_109' title='bbox 237 2126 348 2191; x_wconf 87' lang='lat' dir='ltr'><strong>ordine</strong></span> <span class='ocrx_word' id='word_1_110' title='bbox 369 2125 545 2190; x_wconf 84' lang='lat' dir='ltr'><strong>formarum</strong></span> <span class='ocrx_word' id='word_1_111' title='bbox 567 2133 655 2190; x_wconf 88' lang='lat' dir='ltr'><strong>certo</strong></span> <span class='ocrx_word' id='word_1_112' title='bbox 676 2125 838 2210; x_wconf 87' lang='lat' dir='ltr'><strong>certisque</strong></span> <span class='ocrx_word' id='word_1_113' title='bbox 860 2124 972 2210; x_wconf 78' lang='lat' dir='ltr'><strong>figuris</strong></span> 
     </span>
     <span class='ocr_line' id='line_1_18' title="bbox 236 2228 1011 2316; baseline 0 -21"><span class='ocrx_word' id='word_1_114' title='bbox 236 2231 336 2316; x_wconf 92' lang='lat' dir='ltr'><strong>inque</strong></span> <span class='ocrx_word' id='word_1_115' title='bbox 357 2229 425 2295; x_wconf 87' lang='lat' dir='ltr'><strong>dies</strong></span> <span class='ocrx_word' id='word_1_116' title='bbox 447 2230 554 2315; x_wconf 87' lang='lat' dir='ltr'><strong>privos</strong></span> <span class='ocrx_word' id='word_1_117' title='bbox 575 2228 710 2294; x_wconf 81' lang='lat' dir='ltr'><strong>aborisci</strong></span> <span class='ocrx_word' id='word_1_118' title='bbox 732 2251 880 2314; x_wconf 89' lang='lat' dir='ltr'><strong>quaeque</strong></span> <span class='ocrx_word' id='word_1_119' title='bbox 902 2238 1011 2295; x_wconf 83' lang='lat' dir='ltr'><strong>creata</strong></span> 
     </span>
     <span class='ocr_line' id='line_1_19' title="bbox 237 2332 1032 2419; baseline -0.001 -20"><span class='ocrx_word' id='word_1_120' title='bbox 237 2343 336 2419; x_wconf 88' lang='lat' dir='ltr'><strong>atque</strong></span> <span class='ocrx_word' id='word_1_121' title='bbox 358 2334 423 2399; x_wconf 86' lang='lat' dir='ltr'><strong>alia</strong></span> <span class='ocrx_word' id='word_1_122' title='bbox 444 2334 532 2398; x_wconf 89' lang='lat' dir='ltr'><strong>illius</strong></span> <span class='ocrx_word' id='word_1_123' title='bbox 553 2332 697 2418; x_wconf 85' lang='lat' dir='ltr'><strong>reparari</strong></span> <span class='ocrx_word' id='word_1_124' title='bbox 718 2332 754 2396; x_wconf 91' lang='lat' dir='ltr'><strong>in</strong></span> <span class='ocrx_word' id='word_1_125' title='bbox 774 2341 869 2418; x_wconf 86' lang='lat' dir='ltr'><strong>parte</strong></span> <span class='ocrx_word' id='word_1_126' title='bbox 890 2332 1032 2417; x_wconf 89' lang='lat' dir='ltr'><strong>locoque,</strong></span> 
     </span>
     <span class='ocr_line' id='line_1_20' title="bbox 238 2436 1302 2525; baseline 0 -24"><span class='ocrx_word' id='word_1_127' title='bbox 238 2436 396 2503; x_wconf 88' lang='lat' dir='ltr'><strong>difficilest</strong></span> <span class='ocrx_word' id='word_1_128' title='bbox 416 2437 541 2502; x_wconf 87' lang='lat' dir='ltr'><strong>ratione</strong></span> <span class='ocrx_word' id='word_1_129' title='bbox 562 2436 676 2501; x_wconf 85' lang='lat' dir='ltr'><strong>docere</strong></span> <span class='ocrx_word' id='word_1_130' title='bbox 698 2444 733 2500; x_wconf 89' lang='lat' dir='ltr'><strong>et</strong></span> <span class='ocrx_word' id='word_1_131' title='bbox 754 2436 882 2501; x_wconf 89' lang='lat' dir='ltr'><strong>vincere</strong></span> <span class='ocrx_word' id='word_1_132' title='bbox 903 2436 1019 2514; x_wconf 88' lang='lat' dir='ltr'><strong>verbis,</strong></span> <span class='ocrx_word' id='word_1_133' title='bbox 1242 2457 1302 2525; x_wconf 78' lang='lat'><strong>735</strong></span> 
     </span>
     <span class='ocr_line' id='line_1_21' title="bbox 239 2537 1047 2627; baseline -0.002 -21"><span class='ocrx_word' id='word_1_134' title='bbox 239 2540 350 2606; x_wconf 89' lang='lat' dir='ltr'><strong>ordine</strong></span> <span class='ocrx_word' id='word_1_135' title='bbox 372 2563 446 2605; x_wconf 91' lang='lat' dir='ltr'><strong>cum</strong></span> <span class='ocrx_word' id='word_1_136' title='bbox 466 2539 589 2627; x_wconf 74' lang='lat' dir='ltr'><strong>possiet</strong></span> <span class='ocrx_word' id='word_1_137' title='bbox 609 2546 680 2603; x_wconf 83' lang='lat' dir='ltr'><strong>tam</strong></span> <span class='ocrx_word' id='word_1_138' title='bbox 701 2546 790 2603; x_wconf 89' lang='lat' dir='ltr'><strong>certo</strong></span> <span class='ocrx_word' id='word_1_139' title='bbox 811 2537 917 2602; x_wconf 88' lang='lat' dir='ltr'><strong>multa</strong></span> <span class='ocrx_word' id='word_1_140' title='bbox 938 2539 1047 2605; x_wconf 86' lang='lat' dir='ltr'><strong>creari</strong></span> 
     </span>
     <span class='ocr_line' id='line_1_22' title="bbox 238 2643 1037 2729; baseline -0.003 -20"><span class='ocrx_word' id='word_1_141' title='bbox 238 2646 265 2709; x_wconf 91' lang='lat' dir='ltr'><strong>it</strong></span> <span class='ocrx_word' id='word_1_142' title='bbox 286 2668 342 2711; x_wconf 91' lang='lat' dir='ltr'><strong>ver</strong></span> <span class='ocrx_word' id='word_1_143' title='bbox 363 2652 398 2710; x_wconf 87' lang='lat' dir='ltr'><strong>et</strong></span> <span class='ocrx_word' id='word_1_144' title='bbox 420 2644 540 2723; x_wconf 84' lang='lat' dir='ltr'><strong>Venus,</strong></span> <span class='ocrx_word' id='word_1_145' title='bbox 563 2652 597 2710; x_wconf 89' lang='lat' dir='ltr'><strong>et</strong></span> <span class='ocrx_word' id='word_1_146' title='bbox 619 2643 703 2709; x_wconf 86' lang='lat' dir='ltr'><strong>veris</strong></span> <span class='ocrx_word' id='word_1_147' title='bbox 723 2643 939 2729; x_wconf 84' lang='lat' dir='ltr'><strong>praenuntius</strong></span> <span class='ocrx_word' id='word_1_148' title='bbox 960 2651 1037 2708; x_wconf 92' lang='lat' dir='ltr'><strong>ante</strong></span> 
     </span>
     <span class='ocr_line' id='line_1_23' title="bbox 237 2745 1068 2834; baseline -0.004 -21"><span class='ocrx_word' id='word_1_149' title='bbox 237 2757 399 2834; x_wconf 88' lang='lat' dir='ltr'><strong>pennatus</strong></span> <span class='ocrx_word' id='word_1_150' title='bbox 419 2747 567 2833; x_wconf 79' lang='lat' dir='ltr'><strong>graditur</strong></span> <span class='ocrx_word' id='word_1_151' title='bbox 588 2746 754 2833; x_wconf 82' lang='lat' dir='ltr'><strong>zephyrus,</strong></span> <span class='ocrx_word' id='word_1_152' title='bbox 775 2745 914 2831; x_wconf 86' lang='lat' dir='ltr'><strong>vestigia</strong></span> <span class='ocrx_word' id='word_1_153' title='bbox 935 2754 1068 2832; x_wconf 87' lang='lat' dir='ltr'><strong>propter</strong></span> 
     </span>
     <span class='ocr_line' id='line_1_24' title="bbox 239 2848 1093 2936; baseline -0.004 -20"><span class='ocrx_word' id='word_1_154' title='bbox 239 2851 335 2916; x_wconf 84' lang='lat' dir='ltr'><strong>Flora</strong></span> <span class='ocrx_word' id='word_1_155' title='bbox 355 2851 473 2936; x_wconf 84' lang='lat' dir='ltr'><strong>quibus</strong></span> <span class='ocrx_word' id='word_1_156' title='bbox 494 2858 600 2916; x_wconf 87' lang='lat' dir='ltr'><strong>mater</strong></span> <span class='ocrx_word' id='word_1_157' title='bbox 620 2870 852 2935; x_wconf 77' lang='lat' dir='ltr'><strong>praespargens</strong></span> <span class='ocrx_word' id='word_1_158' title='bbox 874 2857 951 2913; x_wconf 88' lang='lat' dir='ltr'><strong>ante</strong></span> <span class='ocrx_word' id='word_1_159' title='bbox 971 2848 1039 2914; x_wconf 88' lang='lat' dir='ltr'><strong>viai</strong></span> <span class='ocrx_word' id='word_1_160' title='bbox 1091 2891 1093 2898; x_wconf 90' lang='lat'>·</span> 
     </span>
     <span class='ocr_line' id='line_1_25' title="bbox 238 2950 1308 3038; baseline -0.001 -20"><span class='ocrx_word' id='word_1_161' title='bbox 238 2963 355 3019; x_wconf 86' lang='lat' dir='ltr'><strong>cuncta</strong></span> <span class='ocrx_word' id='word_1_162' title='bbox 376 2953 534 3019; x_wconf 85' lang='lat' dir='ltr'><strong>coloribus</strong></span> <span class='ocrx_word' id='word_1_163' title='bbox 556 2952 693 3038; x_wconf 82' lang='lat' dir='ltr'><strong>egregiis</strong></span> <span class='ocrx_word' id='word_1_164' title='bbox 716 2960 751 3017; x_wconf 90' lang='lat' dir='ltr'><strong>et</strong></span> <span class='ocrx_word' id='word_1_165' title='bbox 773 2950 924 3017; x_wconf 86' lang='lat' dir='ltr'><strong>odoribus</strong></span> <span class='ocrx_word' id='word_1_166' title='bbox 946 2951 1067 3037; x_wconf 78' lang='lat' dir='ltr'><strong>opplet.</strong></span> <span class='ocrx_word' id='word_1_167' title='bbox 1243 2971 1308 3037; x_wconf 89' lang='lat'><strong>740</strong></span> 
     </span>
     <span class='ocr_line' id='line_1_26' title="bbox 239 3055 1074 3143; baseline -0.001 -21"><span class='ocrx_word' id='word_1_168' title='bbox 239 3057 316 3123; x_wconf 90' lang='lat' dir='ltr'><strong>inde</strong></span> <span class='ocrx_word' id='word_1_169' title='bbox 337 3058 399 3122; x_wconf 92' lang='lat' dir='ltr'><strong>loci</strong></span> <span class='ocrx_word' id='word_1_170' title='bbox 420 3057 566 3143; x_wconf 85' lang='lat' dir='ltr'><strong>sequitur</strong></span> <span class='ocrx_word' id='word_1_171' title='bbox 587 3056 673 3121; x_wconf 86' lang='lat' dir='ltr'><strong>calor</strong></span> <span class='ocrx_word' id='word_1_172' title='bbox 693 3055 803 3120; x_wconf 88' lang='lat' dir='ltr'><strong>aridus</strong></span> <span class='ocrx_word' id='word_1_173' title='bbox 824 3064 859 3121; x_wconf 91' lang='lat' dir='ltr'><strong>et</strong></span> <span class='ocrx_word' id='word_1_174' title='bbox 880 3076 986 3121; x_wconf 84' lang='lat' dir='ltr'><strong>comes</strong></span> <span class='ocrx_word' id='word_1_175' title='bbox 1006 3078 1074 3121; x_wconf 84' lang='lat' dir='ltr'><strong>una</strong></span> 
     </span>
     <span class='ocr_line' id='line_1_27' title="bbox 237 3157 1165 3247; baseline -0.004 -20"><span class='ocrx_word' id='word_1_176' title='bbox 237 3161 464 3247; x_wconf 83' lang='lat' dir='ltr'><strong>pulverulenta</strong></span> <span class='ocrx_word' id='word_1_177' title='bbox 485 3161 582 3227; x_wconf 80' lang='lat' dir='ltr'><strong>Ceres</strong></span> <span class='ocrx_word' id='word_1_178' title='bbox 603 3167 633 3227; x_wconf 85' lang='lat' dir='ltr'><strong>et</strong></span> <span class='ocrx_word' id='word_1_179' title='bbox 654 3160 756 3225; x_wconf 89' lang='lat' dir='ltr'><strong>etesia</strong></span> <span class='ocrx_word' id='word_1_180' title='bbox 776 3157 879 3224; x_wconf 87' lang='lat' dir='ltr'><strong>flabra</strong></span> <span class='ocrx_word' id='word_1_181' title='bbox 899 3158 1098 3244; x_wconf 89' lang='lat' dir='ltr'><strong>aquilonum.</strong></span> <span class='ocrx_word' id='word_1_182' title='bbox 1162 3187 1165 3192; x_wconf 87' lang='lat'><strong>·</strong></span> 
     </span>
     <span class='ocr_line' id='line_1_28' title="bbox 239 3262 1173 3349; baseline 0.003 -21"><span class='ocrx_word' id='word_1_183' title='bbox 239 3263 315 3329; x_wconf 90' lang='lat' dir='ltr'><strong>inde</strong></span> <span class='ocrx_word' id='word_1_184' title='bbox 337 3272 514 3328; x_wconf 86' lang='lat' dir='ltr'><strong>autumnus</strong></span> <span class='ocrx_word' id='word_1_185' title='bbox 535 3263 613 3341; x_wconf 89' lang='lat' dir='ltr'><strong>adit,</strong></span> <span class='ocrx_word' id='word_1_186' title='bbox 634 3263 784 3349; x_wconf 79' lang='lat' dir='ltr'><strong>graditur</strong></span> <span class='ocrx_word' id='word_1_187' title='bbox 805 3262 903 3328; x_wconf 88' lang='lat' dir='ltr'><strong>simul</strong></span> <span class='ocrx_word' id='word_1_188' title='bbox 923 3262 1049 3329; x_wconf 85' lang='lat' dir='ltr'><strong>Euhius</strong></span> <span class='ocrx_word' id='word_1_189' title='bbox 1070 3262 1173 3331; x_wconf 76' lang='lat' dir='ltr'><strong>Euan.</strong></span> 
     </span>
     <span class='ocr_line' id='line_1_29' title="bbox 239 3363 1010 3450; baseline 0.001 -21"><span class='ocrx_word' id='word_1_190' title='bbox 239 3363 315 3429; x_wconf 89' lang='lat' dir='ltr'><strong>inde</strong></span> <span class='ocrx_word' id='word_1_191' title='bbox 336 3363 419 3429; x_wconf 86' lang='lat' dir='ltr'><strong>aliae</strong></span> <span class='ocrx_word' id='word_1_192' title='bbox 440 3372 651 3450; x_wconf 83' lang='lat' dir='ltr'><strong>tempestates</strong></span> <span class='ocrx_word' id='word_1_193' title='bbox 671 3363 827 3450; x_wconf 87' lang='lat' dir='ltr'><strong>ventique</strong></span> <span class='ocrx_word' id='word_1_194' title='bbox 849 3373 1010 3444; x_wconf 86' lang='lat' dir='ltr'><strong>secuntur,</strong></span> 
     </span>
     <span class='ocr_line' id='line_1_30' title="bbox 240 3457 1304 3556; baseline 0.002 -23"><span class='ocrx_word' id='word_1_195' title='bbox 240 3457 416 3534; x_wconf 82' lang='lat' dir='ltr'><strong>altitonans</strong></span> <span class='ocrx_word' id='word_1_196' title='bbox 436 3468 616 3534; x_wconf 86' lang='lat' dir='ltr'><strong>Voltumns</strong></span> <span class='ocrx_word' id='word_1_197' title='bbox 637 3477 671 3534; x_wconf 89' lang='lat' dir='ltr'><strong>et</strong></span> <span class='ocrx_word' id='word_1_198' title='bbox 692 3475 803 3533; x_wconf 88' lang='lat' dir='ltr'><strong>auster</strong></span> <span class='ocrx_word' id='word_1_199' title='bbox 823 3467 960 3534; x_wconf 84' lang='lat' dir='ltr'><strong>fulmine</strong></span> <span class='ocrx_word' id='word_1_200' title='bbox 981 3469 1107 3556; x_wconf 83' lang='lat' dir='ltr'><strong>pollens</strong></span> <span class='ocrx_word' id='word_1_201' title='bbox 1244 3486 1304 3553; x_wconf 81' lang='lat'><strong>745</strong></span> 
     </span>
    </p>
   </div>
   <div class='ocr_carea' id='block_1_2' title="bbox 150 3723 1311 4430">
    <p class='ocr_par' dir='ltr' id='par_1_2' title="bbox 150 3723 1311 4430">
     <span class='ocr_line' id='line_1_31' title="bbox 152 3723 1309 3792; baseline 0.003 -15"><span class='ocrx_word' id='word_1_202' title='bbox 152 3725 279 3777; x_wconf 69' lang='lat' dir='ltr'><strong>sontior</strong></span> <span class='ocrx_word' id='word_1_203' title='bbox 290 3729 350 3776; x_wconf 70' lang='lat' dir='ltr'><strong>tarn.</strong></span> <span class='ocrx_word' id='word_1_204' title='bbox 449 3723 498 3778; x_wconf 74' lang='grc'>770</span> <span class='ocrx_word' id='word_1_205' title='bbox 512 3727 668 3791; x_wconf 60' lang='grc' dir='ltr'><strong>αεμίίοηε.</strong></span> <span class='ocrx_word' id='word_1_206' title='bbox 701 3734 731 3777; x_wconf 79' lang='lat' dir='ltr'><strong>at</strong></span> <span class='ocrx_word' id='word_1_207' title='bbox 744 3727 860 3792; x_wconf 74' lang='lat' dir='ltr'><strong>sitforte</strong></span> <span class='ocrx_word' id='word_1_208' title='bbox 875 3723 955 3778; x_wconf 79' lang='lat' dir='ltr'><strong>Lech.</strong></span> <span class='ocrx_word' id='word_1_209' title='bbox 968 3725 1217 3780; x_wconf 65' lang='lat' dir='ltr'><strong>startnousenl.</strong></span> <span class='ocrx_word' id='word_1_210' title='bbox 1235 3728 1309 3782; x_wconf 80' lang='lat' dir='ltr'><strong>‘sine</strong></span> 
     </span>
     <span class='ocr_line' id='line_1_32' title="bbox 151 3807 1308 3873; baseline 0.003 -16"><span class='ocrx_word' id='word_1_211' title='bbox 151 3807 208 3858; x_wconf 75' lang='lat' dir='ltr'><strong>nlla</strong></span> <span class='ocrx_word' id='word_1_212' title='bbox 218 3820 297 3857; x_wconf 73' lang='lat' dir='ltr'><strong>eausa</strong></span> <span class='ocrx_word' id='word_1_213' title='bbox 307 3808 334 3857; x_wconf 73' lang='lat' dir='ltr'><strong>a</strong></span> <span class='ocrx_word' id='word_1_214' title='bbox 348 3817 409 3857; x_wconf 84' lang='lat' dir='ltr'><strong>oum</strong></span> <span class='ocrx_word' id='word_1_215' title='bbox 419 3807 544 3858; x_wconf 83' lang='lat' dir='ltr'><strong>orationis</strong></span> <span class='ocrx_word' id='word_1_216' title='bbox 555 3807 751 3871; x_wconf 66' lang='lat' dir='ltr'><strong>untentiseqne</strong></span> <span class='ocrx_word' id='word_1_217' title='bbox 765 3809 933 3859; x_wconf 76' lang='lat' dir='ltr'><strong>detrimento·</strong></span> <span class='ocrx_word' id='word_1_218' title='bbox 950 3823 1009 3873; x_wconf 81' lang='lat' dir='ltr'><strong>says</strong></span> <span class='ocrx_word' id='word_1_219' title='bbox 1024 3808 1128 3873; x_wconf 70' lang='lat' dir='ltr'><strong>Madvig</strong></span> <span class='ocrx_word' id='word_1_220' title='bbox 1136 3809 1238 3860; x_wconf 88' lang='lat' dir='ltr'><strong>emend.</strong></span> <span class='ocrx_word' id='word_1_221' title='bbox 1248 3810 1308 3862; x_wconf 79' lang='lat' dir='ltr'><strong>Idv.</strong></span> 
     </span>
     <span class='ocr_line' id='line_1_33' title="bbox 152 3889 1309 3957; baseline 0.004 -19"><span class='ocrx_word' id='word_1_222' title='bbox 152 3904 178 3952; x_wconf 80' lang='lat' dir='ltr'><strong>p.</strong></span> <span class='ocrx_word' id='word_1_223' title='bbox 192 3889 249 3939; x_wconf 70' lang='lat'><strong>128.</strong></span> <span class='ocrx_word' id='word_1_224' title='bbox 347 3889 396 3940; x_wconf 77' lang='grc'><strong>777</strong></span> <span class='ocrx_word' id='word_1_225' title='bbox 421 3890 575 3954; x_wconf 74' lang='lat' dir='ltr'><strong>Babylonica</strong></span> <span class='ocrx_word' id='word_1_226' title='bbox 593 3889 663 3940; x_wconf 86' lang='lat' dir='ltr'><strong>Flor.</strong></span> <span class='ocrx_word' id='word_1_227' title='bbox 672 3892 704 3941; x_wconf 80' lang='lat' dir='ltr'><strong>el</strong></span> <span class='ocrx_word' id='word_1_228' title='bbox 721 3891 797 3941; x_wconf 76' lang='lat' dir='ltr'><strong>Pont.</strong></span> <span class='ocrx_word' id='word_1_229' title='bbox 814 3890 879 3942; x_wconf 80' lang='lat' dir='ltr'><strong>Mar.</strong></span> <span class='ocrx_word' id='word_1_230' title='bbox 897 3891 937 3942; x_wconf 83' lang='lat' dir='ltr'><strong>lor</strong></span> <span class='ocrx_word' id='word_1_231' title='bbox 952 3893 1117 3957; x_wconf 73' lang='lat' dir='ltr'><strong>Babyloniae.</strong></span> <span class='ocrx_word' id='word_1_232' title='bbox 1152 3894 1309 3944; x_wconf 72' lang='lat' dir='ltr'><strong>Chaldaeum</strong></span> 
     </span>
     <span class='ocr_line' id='line_1_34' title="bbox 151 3969 1308 4028; baseline 0.005 -9"><span class='ocrx_word' id='word_1_233' title='bbox 151 3970 249 4019; x_wconf 73' lang='lat' dir='ltr'><strong>Amo.</strong></span> <span class='ocrx_word' id='word_1_234' title='bbox 267 3969 406 4018; x_wconf 78' lang='lat' dir='ltr'><strong>Ghaldeam</strong></span> <span class='ocrx_word' id='word_1_235' title='bbox 421 3969 476 4018; x_wconf 85' lang='grc' dir='ltr'><strong>ΔΒ.</strong></span> <span class='ocrx_word' id='word_1_236' title='bbox 510 3971 647 4020; x_wconf 70' lang='lat' dir='ltr'><strong>chaldeam</strong></span> <span class='ocrx_word' id='word_1_237' title='bbox 662 3971 685 4021; x_wconf 83' lang='grc' dir='ltr'><strong>Δ</strong></span> <span class='ocrx_word' id='word_1_238' title='bbox 700 3984 765 4021; x_wconf 83' lang='lat' dir='ltr'><strong>corr.</strong></span> <span class='ocrx_word' id='word_1_239' title='bbox 782 3971 854 4023; x_wconf 83' lang='lat' dir='ltr'><strong>Nice.</strong></span> <span class='ocrx_word' id='word_1_240' title='bbox 871 3972 981 4024; x_wconf 71' lang='lat' dir='ltr'><strong>Fleatl</strong></span> <span class='ocrx_word' id='word_1_241' title='bbox 998 3973 1088 4023; x_wconf 73' lang='lat' dir='ltr'><strong>(lamb.</strong></span> <span class='ocrx_word' id='word_1_242' title='bbox 1105 3976 1155 4024; x_wconf 83' lang='lat' dir='ltr'><strong>eto.</strong></span> <span class='ocrx_word' id='word_1_243' title='bbox 1259 3976 1308 4028; x_wconf 79' lang='lat' dir='ltr'><strong>tea</strong></span> 
     </span>
     <span class='ocr_line' id='line_1_35' title="bbox 150 4050 1308 4105; baseline -0.002 0"><span class='ocrx_word' id='word_1_244' title='bbox 150 4055 270 4105; x_wconf 65' lang='lat' dir='ltr'><strong>sanat</strong></span> <span class='ocrx_word' id='word_1_245' title='bbox 313 4053 418 4102; x_wconf 77' lang='lat' dir='ltr'><strong>obolisci</strong></span> <span class='ocrx_word' id='word_1_246' title='bbox 434 4050 457 4100; x_wconf 92' lang='lat' dir='ltr'>B</span> <span class='ocrx_word' id='word_1_247' title='bbox 474 4065 539 4101; x_wconf 69' lang='lat' dir='ltr'><strong>corr·</strong></span> <span class='ocrx_word' id='word_1_248' title='bbox 582 4053 689 4102; x_wconf 62' lang='lat' dir='ltr'><strong>westser·</strong></span> <span class='ocrx_word' id='word_1_249' title='bbox 711 4052 777 4102; x_wconf 82' lang='lat' dir='ltr'><strong>Mar.</strong></span> <span class='ocrx_word' id='word_1_250' title='bbox 794 4052 869 4103; x_wconf 77' lang='lat' dir='ltr'><strong>sunt.</strong></span> <span class='ocrx_word' id='word_1_251' title='bbox 913 4054 1009 4104; x_wconf 61' lang='lat' dir='ltr'><strong>abodrl</strong></span> <span class='ocrx_word' id='word_1_252' title='bbox 1031 4053 1102 4103; x_wconf 67' lang='lat' dir='ltr'><strong>Brln</strong></span> <span class='ocrx_word' id='word_1_253' title='bbox 1119 4053 1195 4104; x_wconf 83' lang='lat' dir='ltr'><strong>Pont.</strong></span> <span class='ocrx_word' id='word_1_254' title='bbox 1212 4054 1308 4104; x_wconf 74' lang='lat' dir='ltr'><strong>Arane.</strong></span> 
     </span>
     <span class='ocr_line' id='line_1_36' title="bbox 150 4134 1309 4200; baseline -0.003 -12"><span class='ocrx_word' id='word_1_255' title='bbox 150 4135 389 4188; x_wconf 60' lang='lat' dir='ltr'><strong>oemunt.</strong></span> <span class='ocrx_word' id='word_1_256' title='bbox 487 4136 535 4187; x_wconf 79' lang='grc'><strong>736</strong></span> <span class='ocrx_word' id='word_1_257' title='bbox 550 4138 645 4198; x_wconf 70' lang='lat' dir='ltr'><strong>poesim</strong></span> <span class='ocrx_word' id='word_1_258' title='bbox 661 4135 743 4186; x_wconf 75' lang='lat' dir='ltr'><strong>added</strong></span> <span class='ocrx_word' id='word_1_259' title='bbox 758 4134 897 4199; x_wconf 65' lang='lat' dir='ltr'><strong>macla:</strong></span> <span class='ocrx_word' id='word_1_260' title='bbox 914 4149 957 4186; x_wconf 83' lang='lat' dir='ltr'><strong>see</strong></span> <span class='ocrx_word' id='word_1_261' title='bbox 971 4135 1032 4187; x_wconf 77' lang='lat' dir='ltr'><strong>tto:</strong></span> <span class='ocrx_word' id='word_1_262' title='bbox 1048 4137 1136 4186; x_wconf 73' lang='lat' dir='ltr'><strong>ridear</strong></span> <span class='ocrx_word' id='word_1_263' title='bbox 1151 4135 1186 4200; x_wconf 75' lang='lat' dir='ltr'><strong>by</strong></span> <span class='ocrx_word' id='word_1_264' title='bbox 1201 4135 1309 4186; x_wconf 68' lang='lat' dir='ltr'><strong>monti</strong></span> 
     </span>
     <span class='ocr_line' id='line_1_37' title="bbox 150 4216 1310 4281; baseline -0.003 -11"><span class='ocrx_word' id='word_1_265' title='bbox 150 4217 242 4270; x_wconf 81' lang='lat' dir='ltr'><strong>Gamb.</strong></span> <span class='ocrx_word' id='word_1_266' title='bbox 253 4217 319 4268; x_wconf 76' lang='lat' dir='ltr'><strong>uu.</strong></span> <span class='ocrx_word' id='word_1_267' title='bbox 329 4217 399 4281; x_wconf 78' lang='lat' dir='ltr'><strong>vulg.</strong></span> <span class='ocrx_word' id='word_1_268' title='bbox 497 4219 545 4270; x_wconf 78' lang='grc'>787</span> <span class='ocrx_word' id='word_1_269' title='bbox 561 4219 627 4268; x_wconf 72' lang='lat' dir='ltr'><strong>ocris</strong></span> <span class='ocrx_word' id='word_1_270' title='bbox 638 4218 713 4267; x_wconf 80' lang='lat' dir='ltr'><strong>Ponl.</strong></span> <span class='ocrx_word' id='word_1_271' title='bbox 725 4218 812 4268; x_wconf 81' lang='lat' dir='ltr'><strong>Bantl.</strong></span> <span class='ocrx_word' id='word_1_272' title='bbox 824 4217 898 4268; x_wconf 69' lang='lat' dir='ltr'><strong>Wab</strong></span> <span class='ocrx_word' id='word_1_273' title='bbox 909 4216 989 4268; x_wconf 76' lang='lat' dir='ltr'><strong>Iracb.</strong></span> <span class='ocrx_word' id='word_1_274' title='bbox 1000 4217 1042 4267; x_wconf 84' lang='lat' dir='ltr'><strong>lor</strong></span> <span class='ocrx_word' id='word_1_275' title='bbox 1053 4217 1163 4268; x_wconf 76' lang='lat' dir='ltr'><strong>Veseris.</strong></span> <span class='ocrx_word' id='word_1_276' title='bbox 1261 4219 1310 4269; x_wconf 74' lang='grc'><strong>736</strong></span> 
     </span>
     <span class='ocr_line' id='line_1_38' title="bbox 150 4297 1276 4364; baseline 0 -16"><span class='ocrx_word' id='word_1_277' title='bbox 150 4302 274 4364; x_wconf 71' lang='lat' dir='ltr'><strong>zephyrus</strong></span> <span class='ocrx_word' id='word_1_278' title='bbox 285 4299 360 4349; x_wconf 81' lang='lat' dir='ltr'><strong>Pont.</strong></span> <span class='ocrx_word' id='word_1_279' title='bbox 372 4299 438 4349; x_wconf 81' lang='lat' dir='ltr'><strong>Mar.</strong></span> <span class='ocrx_word' id='word_1_280' title='bbox 449 4298 528 4349; x_wconf 78' lang='lat' dir='ltr'><strong>Aldl</strong></span> <span class='ocrx_word' id='word_1_281' title='bbox 545 4299 620 4349; x_wconf 79' lang='lat' dir='ltr'><strong>sunt.</strong></span> <span class='ocrx_word' id='word_1_282' title='bbox 631 4299 672 4348; x_wconf 85' lang='lat' dir='ltr'><strong>lor</strong></span> <span class='ocrx_word' id='word_1_283' title='bbox 681 4301 798 4364; x_wconf 66' lang='lat' dir='ltr'><strong>zephyri:</strong></span> <span class='ocrx_word' id='word_1_284' title='bbox 815 4298 861 4350; x_wconf 83' lang='lat' dir='ltr'><strong>the</strong></span> <span class='ocrx_word' id='word_1_285' title='bbox 872 4315 912 4349; x_wconf 74' lang='lat' dir='ltr'><strong>-as</strong></span> <span class='ocrx_word' id='word_1_286' title='bbox 922 4312 976 4349; x_wconf 75' lang='lat' dir='ltr'><strong>vas</strong></span> <span class='ocrx_word' id='word_1_287' title='bbox 984 4297 1110 4348; x_wconf 72' lang='lat' dir='ltr'><strong>absorbed</strong></span> <span class='ocrx_word' id='word_1_288' title='bbox 1121 4298 1151 4347; x_wconf 90' lang='lat' dir='ltr'><strong>in</strong></span> <span class='ocrx_word' id='word_1_289' title='bbox 1160 4298 1276 4359; x_wconf 64' lang='lat' dir='ltr'><strong>eadsin-</strong></span> 
     </span>
     <span class='ocr_line' id='line_1_39' title="bbox 185 4375 1311 4430; baseline -0.001 -1"><span class='ocrx_word' id='word_1_290' title='bbox 185 4375 234 4430; x_wconf 68' lang='grc'>717</span> <span class='ocrx_word' id='word_1_291' title='bbox 245 4379 425 4429; x_wconf 68' lang='lat' dir='ltr'><strong>Palomlem</strong></span> <span class='ocrx_word' id='word_1_292' title='bbox 436 4379 510 4429; x_wconf 75' lang='lat' dir='ltr'><strong>Cerea</strong></span> <span class='ocrx_word' id='word_1_293' title='bbox 521 4375 597 4428; x_wconf 83' lang='lat' dir='ltr'><strong>Pont.</strong></span> <span class='ocrx_word' id='word_1_294' title='bbox 608 4377 674 4429; x_wconf 78' lang='lat' dir='ltr'><strong>Mar.</strong></span> <span class='ocrx_word' id='word_1_295' title='bbox 686 4378 764 4428; x_wconf 75' lang='lat' dir='ltr'><strong>Aldl</strong></span> <span class='ocrx_word' id='word_1_296' title='bbox 777 4380 851 4430; x_wconf 76' lang='lat' dir='ltr'><strong>sunt</strong></span> <span class='ocrx_word' id='word_1_297' title='bbox 860 4380 900 4429; x_wconf 83' lang='lat' dir='ltr'><strong>lor</strong></span> <span class='ocrx_word' id='word_1_298' title='bbox 909 4380 1068 4429; x_wconf 64' lang='lat' dir='ltr'><strong>Momm</strong></span> <span class='ocrx_word' id='word_1_299' title='bbox 1079 4378 1159 4429; x_wconf 75' lang='lat' dir='ltr'><strong>Ocrea</strong></span> <span class='ocrx_word' id='word_1_300' title='bbox 1193 4383 1217 4427; x_wconf 79' lang='lat' dir='ltr'><strong>et</strong></span> <span class='ocrx_word' id='word_1_301' title='bbox 1227 4375 1311 4428; x_wconf 79' lang='lat' dir='ltr'><strong>added</strong></span> 
     </span>
    </p>
   </div>
   <div class='ocr_carea' id='block_1_3' title="bbox 0 0 1563 4984">
    <p class='ocr_par' dir='ltr' id='par_1_3' title="bbox 0 0 1563 4984">
     <span class='ocr_line' id='line_1_40' title="bbox 0 0 1563 4984; baseline 0 0"><span class='ocrx_word' id='word_1_302' title='bbox 0 0 1563 4984; x_wconf 95' lang='lat' dir='ltr'><strong> </strong></span> 
     </span>
    </p>
   </div>
  </div>
 </body>
</html>
