3092 4984
819 315 869 382 VI

349 471 469 537 umoris
490 493 624 558 parvam
645 469 768 536 delibet
790 473 832 537 ab
853 492 993 557 aequore
1014 478 1158 557 partem3

351 577 483 663 largiter
504 577 540 642 in
561 584 653 642 tanto
675 576 781 662 spatio
802 584 914 642 tamen
936 576 1065 643 auferet
1085 577 1190 644 undis.

350 689 423 746 tum
444 702 538 767 porro
560 679 652 745 venti
673 701 804 766 quoque
825 702 979 766 magnam
1001 680 1116 746 tollere
1137 689 1265 768 partem

352 784 473 849 umoris
493 789 631 870 possunt
651 791 817 847 verrentes
839 804 987 869 aequora
1009 783 1118 848 ventis

351 909 419 953 una
439 894 534 952 nocte
555 884 624 951 vias
646 885 801 971 quoniam
823 906 977 972 persaepe
999 884 1148 951 videmus
1353 886 1413 967 625

352 990 463 1056 siccari
483 988 654 1075 mollisque
676 987 739 1053 luti
760 1009 962 1053 concrescere
984 995 1117 1054 crustas

352 1102 519 1181 praeterea
540 1092 635 1159 docui
656 1092 799 1158 multum
821 1113 950 1177 quoque
971 1090 1086 1156 tollere
1108 1090 1210 1157 nubes

260 1201 269 1216 ⁸
353 1218 498 1261 umorem
519 1217 638 1282 magno
659 1203 852 1280 conceptum
875 1216 915 1259 ex
937 1216 1077 1280 mquore
1098 1194 1193 1280 ponti

353 1310 388 1366 et
408 1299 528 1386 passim
550 1308 620 1364 toto
642 1306 802 1363 terrarum
824 1319 974 1384 spargere
996 1297 1031 1361 in
1053 1298 1133 1377 orbi,

353 1425 428 1469 cum
449 1402 535 1489 pluit
557 1402 591 1467 in
613 1402 708 1467 terris
730 1409 764 1467 et
785 1400 877 1465 venti
899 1400 1013 1466 nubila
1034 1409 1176 1486 portant.
1356 1403 1420 1485 630

353 1513 516 1590 postremo
538 1501 692 1588 quoniam
714 1522 786 1565 raro
807 1519 883 1565 curn
905 1520 1037 1585 corpore
1057 1498 1156 1565 tellus

354 1621 414 1691 est,
437 1621 471 1677 et
492 1610 703 1686 coniunctast,
726 1631 797 1674 oras
819 1609 918 1674 maria
939 1608 1086 1694 undique
1107 1608 1248 1695 cingens,

354 1715 459 1792 debet
481 1721 521 1778 ut
542 1712 577 1777 in
599 1733 688 1777 mare
710 1711 751 1777 de
773 1710 868 1777 terris
888 1711 981 1777 venit
1002 1732 1097 1776 umor
1118 1712 1226 1797 aquai,
1323 1765 1326 1772 .

354 1816 389 1881 in
411 1823 513 1881 terras
535 1812 649 1879 itidem
672 1835 805 1878 manare
828 1836 869 1879 ex
891 1835 1031 1900 aequore
1052 1814 1157 1895 sals03

353 1919 536 2007 percolatur
557 1917 645 1983 enim
667 1918 756 1982 virus
777 1925 930 2003 retroque
952 1926 1102 1982 remanat
1357 1917 1399 1999 63
1403 1930 1419 1998 5

355 2021 506 2088 materies
528 2020 647 2086 umoris
669 2020 767 2086 etad
789 2029 889 2106 caput
911 2020 1062 2085 amnibus
1083 2020 1188 2086 omnis

355 2125 498 2202 confluit,
521 2123 598 2190 inde
620 2144 717 2210 super
737 2132 840 2190 terrea
861 2124 947 2190 redit
969 2124 1100 2210 agmine
1122 2124 1210 2190 dulci

355 2254 421 2317 qua
441 2230 496 2294 via
516 2237 606 2294 secta
626 2229 726 2294 semel
747 2229 873 2315 liquido
894 2228 978 2315 pede
1000 2229 1118 2297 detulit
1139 2230 1269 2317 undas]

397 2333 495 2397 Nunc
516 2331 598 2397 ratio
620 2353 704 2418 quae
726 2332 778 2410 sit,
801 2354 859 2419 per
880 2333 989 2399 fauces
1010 2333 1131 2399 montis
1151 2341 1191 2399 nt
1211 2333 1340 2400 Aetnae

356 2439 504 2524 expirent
525 2437 617 2524 ignes
638 2437 804 2503 interdum
826 2437 960 2503 turbine
981 2443 1085 2515 tanto,
1360 2437 1425 2517 640

355 2541 532 2627 expediam
556 2541 773 2628 nequeenim
795 2540 951 2607 mediocri
972 2539 1064 2606 clade
1086 2547 1198 2606 coorta

355 2645 507 2711 flammea
527 2653 704 2732 tempestas
725 2644 875 2712 Siculum
896 2646 1065 2711 dominata
1086 2668 1145 2733 per
1165 2664 1257 2731 agros

337 2746 507 2812 'finitimis
528 2746 571 2812 ad
592 2769 627 2813 se
648 2747 811 2813 convertit
832 2747 987 2834 gentibus
1009 2770 1074 2826 ora,

356 2848 481 2913 fumida
501 2872 576 2913 cnm
597 2850 678 2916 caeli
700 2850 875 2917 scintillare
897 2849 1008 2916 omnia
1029 2849 1154 2936 templa

356 2959 524 3016 cernentes
545 2952 663 3038 pavida
683 2954 891 3040 complebant
912 2960 1044 3041 pectora
1064 2974 1152 3034 cura,
1364 2952 1423 3033 645

356 3054 435 3143 quid
457 3055 625 3122 moliretur
644 3079 753 3124 rerum
774 3067 894 3125 natura
914 3080 1082 3124 novarum

401 3158 500 3224 Hisce
522 3157 584 3225 tibi
605 3157 641 3223 in
662 3160 759 3226 rebus
780 3160 879 3226 latest
901 3161 1033 3247 almque
1054 3158 1232 3226 videndum

356 3270 392 3328 et
412 3262 508 3350 longe
529 3272 663 3330 cunctas
684 3264 719 3329 in
741 3265 844 3350 partis
866 3264 1114 3352 dispiciendum,

356 3372 395 3432 ut
416 3366 629 3432 reminiscaris
650 3389 813 3433 summam
834 3390 944 3434 rerum
966 3389 1037 3434 ease
1056 3366 1252 3455 profundam

357 3476 392 3535 et
413 3468 523 3535 videas
544 3470 670 3536 caelum
691 3472 834 3537 summai
855 3471 957 3538 totius
978 3493 1084 3537 unum
1364 3470 1429 3554 650

271 3636 576 3702 luntlorrolmnpaam.
608 3656 726 3703 maenam
738 3639 961 3705 panemrolldar.
1059 3641 1107 3692 664
1124 3656 1241 3707 aequora,
1254 3643 1336 3692 rent&
1350 3641 1430 3692 Lech.

272 3718 313 3765 tor
330 3725 439 3779 aequora
455 3721 533 3769 neoti.
567 3734 679 3783 aequora
692 3724 766 3785 ponti
777 3721 848 3772 Nico.
859 3722 928 3786 vulg.
940 3720 1053 3785 perhaps
1063 3720 1168 3785 rightly,
1180 3736 1210 3773 aa
1227 3721 1273 3773 the
1290 3722 1374 3772 worda
1389 3735 1431 3772 are

272 3795 345 3846 otton
360 3796 860 3862 mmuwu=comp.1am:endveere
879 3802 903 3853 is
922 3802 1064 3855 somewhat
1079 3803 1212 3854 awkward
1311 3802 1361 3855 ma
1377 3804 1432 3853 ortt

272 3873 338 3923 Mar.
350 3874 424 3924 Junt.
435 3875 475 3926 for
485 3879 559 3927 orbr'r.
593 3880 649 3928 orbe
666 3879 737 3929 Flor.
745 3882 778 3930 61
794 3882 884 3933 (lamb.
896 3881 994 3934 Arana.
1092 3885 1141 3934 666
1155 3887 1233 3935 saurir
1244 3883 1267 3934 B
1278 3898 1342 3934 corr.
1355 3884 1432 3933 Pont

272 3953 338 4005 liar.
349 3954 424 4005 lunt.
437 3955 492 4018 (not
502 3956 571 4006 Flor.
578 3959 620 4023 61)
632 3959 673 4008 lor
682 3964 771 4022 mepte.
870 3965 918 4014 666
926 3967 989 4028 pede
1000 3967 1093 4016 detulit
1104 3965 1126 4016 Δ
1137 3981 1202 4017 corr.
1214 3966 1325 4030 torpedo
1337 3969 1407 4016 tulit.

306 4035 353 4084 641
370 4036 488 4086 medocri
498 4038 570 4086 clade
579 4046 664 4088 coorta
679 4038 715 4088 Is.
727 4040 802 4091 Voss.
814 4041 843 4091 in
858 4058 908 4093 ms.
921 4047 996 4096 notes
1012 4046 1053 4096 tor
1068 4048 1151 4097 medio
1163 4050 1249 4110 precia
1259 4049 1290 4097 de
1301 4054 1399 4097 coorta:
1416 4061 1433 4097 e

273 4116 325 4167 fine
336 4115 389 4167 and
403 4116 501 4168 certain
515 4119 665 4170 correction.
698 4123 781 4172 media
798 4126 829 4174 dc
844 4128 1068 4187 9666661664
1084 4130 1180 4182 Othob.
1212 4133 1295 4182 mdia
1313 4132 1343 4180 de
1359 4132 1432 4180 clade

273 4199 828 4266 montmarinnoroarlaugmnmb.
867 4210 1108 4273 medthcaaclade
1119 4211 1216 4263 Arane.
1257 4213 1432 4262 6166661666

273 4281 337 4332 Fab.
369 4284 495 4334 Erneladi
511 4284 542 4333 de
558 4286 629 4334 clade
645 4284 733 4335 Βοιι11.
745 4284 831 4338 belota
845 4287 880 4340 he
894 4289 968 4344 hrew
979 4292 1096 4344 Voasins’
1108 4292 1284 4345 emendation.
1383 4294 1432 4343 646

272 4368 400 4418 Fumea
419 4366 512 4420 Heius.
530 4366 561 4420 in
579 4382 629 4422 ms.
647 4371 723 4422 nous
739 4370 781 4422 lor
798 4372 936 4425 Flamma
1035 4376 1084 4427 646
1100 4378 1285 4441 depictam
1301 4375 1374 4429 llice.
1391 4376 1432 4427 lor
