3092 4984
693 315 730 380 II

204 490 280 534 esse
303 467 433 533 infinito
459 464 629 532 debebunt
652 466 793 554 corporis
817 470 925 534 auctu

206 594 289 636 nam
312 571 468 658 quoniam
492 569 609 636 eadem
632 592 700 635 una
721 570 863 636 muscis
886 571 922 636 in
944 572 1104 638 brevitate

206 674 352 762 corporis
372 676 463 741 inter
485 695 521 739 se
543 673 688 738 multum
709 673 835 738 variare
857 673 980 759 figurae

207 801 277 843 non
298 785 454 864 possunt:
476 776 528 841 fac
553 775 643 840 enim
665 774 810 839 minimis
834 797 853 841 e
875 776 1023 861 partibus
1045 798 1114 842 esse
1220 782 1282 861 485

208 902 345 966 corpora
369 879 476 966 prima
496 879 610 955 tribus,
633 877 687 943 vel
708 878 808 964 paulo
830 878 979 965 pluribus
1004 903 1105 966 auge;

209 1006 332 1069 nempe
354 984 413 1050 ubi
436 1005 491 1048 eas
512 983 616 1068 partis
638 981 736 1047 unius
758 983 899 1068 eorporis
922 982 1036 1062 omnis,

208 1108 342 1152 summa
365 1095 465 1173 atque
488 1086 558 1151 ima
578 1087 695 1164 locans,
718 1094 944 1153 transmutans
966 1087 1100 1153 dextera
1122 1087 1231 1166 laevia

210 1188 408 1253 omnimodis
433 1196 587 1275 expertus
613 1189 683 1267 eris,
708 1211 809 1275 quam
833 1189 970 1276 quisque
994 1190 1051 1257 det
1076 1190 1154 1257 ordo

210 1293 330 1359 formai
352 1294 494 1379 speciem
516 1292 620 1359 totius
643 1294 782 1380 corporis
806 1294 883 1372 eius,
1219 1313 1286 1378 490

210 1396 301 1482 quod
324 1405 480 1481 superest,
504 1396 532 1461 si
556 1397 641 1462 forte
664 1398 753 1462 voles
776 1398 902 1464 variare
925 1398 1052 1484 figuras,

211 1497 401 1563 addendum
423 1497 526 1583 partis
549 1498 629 1562 alias
652 1498 722 1576 erit,
748 1498 825 1563 inde
849 1510 1008 1584 sequetur,

212 1600 355 1665 adsimili
377 1600 503 1665 ratione
526 1600 607 1664 alias
629 1607 668 1665 ut
690 1600 833 1685 postulet
855 1601 939 1679 ordo,

137 1744 143 1759 ι
212 1704 242 1769 si
265 1712 304 1769 tu
327 1704 411 1770 forte
434 1705 523 1769 voles
546 1704 648 1769 etiam
670 1704 796 1769 variare
820 1704 957 1793 figuras:

213 1829 291 1891 ergo
313 1807 491 1872 formarum
512 1808 692 1873 novitatem
714 1808 853 1893 eorporis
875 1829 1017 1892 augmen
1218 1824 1281 1890 495

212 1910 432 1995 subsequitur.
455 1932 555 1996 quare
575 1933 642 1975 non
663 1920 713 1976 est
735 1919 774 1976 ut
795 1910 925 1975 credere
947 1909 1048 1995 possis

211 2037 282 2080 esse
303 2014 443 2080 infinitis
464 2014 621 2080 distantia
641 2014 769 2080 semina
789 2014 911 2093 formis,

213 2140 256 2183 ne
277 2116 439 2204 quaedam
460 2139 553 2202 cogas
573 2117 699 2182 inmani
720 2116 927 2181 maximitate

213 2243 293 2297 eme,
317 2242 416 2305 supra
436 2220 523 2306 quod
545 2219 613 2285 iam
634 2218 729 2284 docui
751 2241 818 2284 non
839 2241 932 2304 posse
953 2216 1090 2304 probari

213 2323 281 2388 iam
303 2322 367 2387 tibi
388 2321 573 2388 barbaricae
594 2330 702 2387 vestes
724 2321 950 2407 Meliboeaque
972 2321 1100 2408 fulgens
1221 2332 1285 2400 500

213 2448 362 2514 purpura
384 2425 566 2492 Thessalico
588 2426 784 2492 concharum
805 2434 893 2491 tacta
913 2425 1016 2491 colore

212 2655 316 2699 aurea
335 2655 499 2719 pavonum
521 2631 643 2699 ridenti
664 2633 793 2698 imbuta
813 2634 921 2718 lepore

211 2737 328 2814 saecla,
351 2758 435 2801 novo
454 2759 563 2802 rerum
585 2745 736 2822 superata
757 2736 861 2801 colore
882 2735 1021 2802 iacerent

212 2851 248 2909 et
270 2849 478 2927 contemptus
499 2840 577 2907 odor
598 2863 748 2926 smyrnae
770 2840 938 2925 mellisque
959 2862 1096 2926 sapores,

211 2953 249 3011 et
270 2966 394 3031 cycnea
415 2944 499 3009 mele
519 2944 734 3031 Phoebeaque
756 2943 891 3008 daedala
911 2942 1037 3007 chordis
1223 2958 1282 3024 505

212 3049 362 3114 carmina
382 3048 539 3113 consimili
560 3048 687 3113 ratione
709 3069 860 3133 oppressa
881 3047 1034 3127 silerent3

214 3175 360 3240 namque
382 3152 453 3216 aliis
474 3151 564 3217 aliud
585 3152 803 3237 praestantius
825 3158 1018 3217 exoneretur.

214 3257 329 3324 cedere
351 3258 435 3322 item
455 3266 542 3322 retro
563 3265 694 3342 possent
715 3256 751 3320 in
772 3255 948 3321 deteriores

215 3360 327 3427 omnia
347 3360 394 3426 sic
415 3359 523 3446 partis,
546 3368 586 3426 ut
607 3359 747 3425 diximus
768 3360 803 3425 in
826 3358 987 3438 melioris3

131 3539 280 3590 Mandant
292 3538 480 3603 Lambsulgo.
578 3540 628 3590 483
643 3537 1287 3605 Namqooaiomeodemanaeaimieintreviau

131 3620 182 3670 Ed
198 3622 238 3672 lor
253 3622 369 3685 quue
385 3624 415 3671 ta
430 3622 516 3671 uadem
536 3621 587 3671 etc.
620 3622 734 3686 Nomqroe
750 3623 837 3672 eadm
853 3624 928 3672 saise
944 3623 994 3672 etc.
1012 3618 1093 3671 Lech.
1126 3620 1239 3685 Namque
1257 3621 1286 3670 ia

131 3704 214 3753 mdc·
231 3718 284 3753 m
299 3704 480 3767 quoiusquam
495 3701 603 3752 hamb:
621 3716 664 3753 see
681 3702 772 3753 (lamb.
787 3701 879 3752 Journ.
895 3703 923 3752 ol
941 3701 1006 3766 phil.
1024 3716 1035 3751 1
1054 3716 1080 3765 p.
1098 3703 1139 3752 32.
1235 3702 1286 3753 488

133 3792 298 3834 muas
314 3784 348 3834 B.
363 3798 428 3835 eon.
444 3784 486 3834 lor
505 3791 665 3834 bamma.
762 3782 813 3835 497
829 3786 923 3834 semina
940 3784 963 3833 A
977 3798 1042 3834 corr.
1058 3783 1099 3833 lor
1114 3785 1221 3848 semisse.

167 3866 213 3916 4⁹9
225 3868 328 3930 probari
343 3866 424 3917 alal
440 3866 517 3917 sunt.
533 3866 575 3917 lor
584 3868 701 3930 probare.
729 3881 780 3916 ease
793 3868 900 3930 probare
916 3866 981 3917 Mar.
1079 3867 1140 3917 501:
1158 3864 1286 3918 Ibcliave

132 3946 438 3998 armoisberalostot
452 3945 507 3996 thia
523 3949 617 3997 natura
631 3947 668 3996 Et
682 3962 743 4011 qnos
758 3948 890 3997 mucidum
904 3949 932 3996 ia
945 3949 1004 3997 solis
1020 3949 1184 3998 lucecolores.
1218 3953 1288 3997 tacto

133 4027 213 4078 Inda
224 4030 290 4079 niter
299 4028 457 4093 Oudendorp
467 4027 558 4079 Lucan
568 4029 644 4080 1491
655 4028 696 4078 lor
706 4036 782 4079 tecta.
815 4032 895 4079 tincta
903 4029 977 4079 Junt.
988 4030 1058 4093 vulg.
1129 4031 1178 4080 502
1193 4030 1288 4080 ridenti

133 4109 178 4159 rr.
195 4111 306 4163 Medicas
322 4114 363 4164 lor
378 4115 466 4163 rident
482 4109 535 4162 and
550 4112 600 4160 508
614 4126 677 4162 acco
695 4111 737 4161 lor
751 4126 827 4161 nova.
862 4112 954 4171 Aures.
968 4127 998 4176 p.
1011 4113 1106 4162 sidem
1121 4114 1223 4161 macta
1237 4111 1286 4158 eto.

133 4188 226 4241 hdr:
241 4190 543 4255 Laribmuvulaadd
557 4200 582 4242 et
597 4191 724 4243 atendol
739 4192 797 4242 501.
895 4194 943 4242 50³
960 4194 1058 4242 Sacclc.
1091 4189 1287 4254 PeplaP.Bur·

132 4288 212 4326 nnn
221 4276 294 4328 wuc
390 4278 444 4329 504
460 4278 498 4326 Et
508 4283 659 4340 comptas
672 4277 735 4327 odor
746 4275 817 4325 Flor.
829 4276 861 4325 al
878 4274 969 4326 camb.
981 4273 1052 4324 Brix.
1062 4273 1128 4324 Van.
1140 4272 1206 4321 Mar.
1217 4269 1286 4331 vulg.

130 4355 460 4428 loesstoeummudor.
494 4360 694 4424 Etwntmpcua
707 4360 798 4410 medor
811 4357 967 4408 Nicc.Var.:
983 4351 1286 4407 bencelinlerthsms.
