3092 4984
837 333 874 399 II

364 517 430 562 non
452 517 470 560 e
492 490 653 579 perplexis
675 487 732 553 sed
753 485 858 552 acutis
880 507 949 552 esse
971 484 1148 552 elementis

364 597 421 662 sed
443 594 529 681 quod
551 614 662 657 amere
681 589 772 655 vides
794 588 908 654 eadem
931 610 1015 674 quee
1037 587 1160 652 fluvido
1180 595 1337 668 constant,

364 700 461 766 sudor
481 699 532 764 uti
553 697 651 762 muris
673 702 730 773 est,
753 694 891 759 minime
912 693 1062 757 mirabile
1083 694 1203 758 hebeto
1214 716 1223 776 ;
1373 690 1433 771 465

364 825 442 869 nem
464 801 550 888 quod
572 799 713 865 fluvidus
735 806 794 876 est,
818 820 836 864 e
858 797 984 863 levibus
1006 805 1107 882 etque
1129 797 1280 862 rutundis

367 912 423 983 est,
446 912 480 970 et
501 901 653 990 squalido
673 900 777 967 muto
798 907 908 966 creent
928 898 1076 964 admixta
1097 899 1214 964 doloris

365 1029 515 1094 corpora3
536 1028 596 1071 nec
617 1013 730 1070 tomen
751 1002 832 1068 hoec
853 1002 987 1068 retineri
1007 1002 1144 1067 humeto
1163 1009 1380 1078 necessumeu

366 1112 488 1177 scilieet
511 1132 580 1176 esse
602 1110 734 1195 globosa
759 1115 880 1187 temen,
903 1129 981 1172 cum
1002 1106 1151 1192 squalida
1172 1114 1329 1183 constent,

368 1214 511 1302 provolvi
534 1214 632 1280 simul
658 1222 697 1279 ut
719 1212 844 1299 possint
873 1219 907 1277 et
930 1211 1059 1277 laedere
1082 1232 1222 1276 sensus..
1376 1223 1441 1287 470
1525 1241 1527 1246 ·

371 1328 405 1385 et
428 1340 493 1404 quo
516 1318 621 1384 mixte
644 1324 740 1403 putes
763 1317 868 1401 magis
891 1337 1006 1401 aspere
1027 1314 1154 1379 levibus
1174 1336 1243 1379 esse

369 1422 543 1509 principiis,
567 1422 655 1488 unde
679 1430 730 1487 ert
752 1420 903 1508 Neptuni
928 1442 1042 1506 corpus
1064 1419 1224 1499 acerbum,

319 1543 320 1547 ’
373 1532 423 1590 est
446 1524 529 1589 retio
552 1523 757 1604 sesemendi3
781 1543 988 1608 seorsumque
1011 1520 1143 1587 videndi

373 1651 466 1693 umor
489 1627 599 1706 dulcior,
624 1628 681 1692 uhi
704 1649 763 1712 per
785 1634 888 1691 terres
911 1624 1052 1690 crebrius
1074 1624 1162 1689 idem

372 1733 559 1818 percolatur,
584 1739 623 1796 ut
647 1731 683 1796 in
705 1731 832 1795 foveam
855 1728 938 1794 fluet
960 1750 998 1793 eo
1021 1734 1240 1809 mensuesoet3

373 1835 493 1921 linquit
516 1834 605 1901 enim
628 1857 745 1921 supere
766 1834 865 1899 taetri
888 1832 1064 1919 primordie
1085 1831 1155 1910 viri,

375 1962 488 2025 aspere
510 1961 609 2025 quom
632 1938 735 2024 megin
759 1936 795 2001 in
817 1937 911 2002 terris
934 1936 1120 2001 haerescere
1142 1934 1273 2021 possint

419 2044 514 2125 Quod
538 2043 693 2129 quoniam
716 2042 819 2119 docui,
844 2063 978 2127 pergam
1001 2049 1167 2105 conectere
1190 2061 1259 2105 rem
1281 2058 1365 2124 quoe

376 2167 417 2211 ex
442 2145 503 2212 hoo
526 2154 605 2231 apte
627 2145 727 2211 fidem
752 2144 857 2224 ducat,
881 2145 1057 2231 primordia
1077 2165 1185 2209 rerum

375 2249 472 2315 finita
493 2250 618 2315 variare
641 2249 819 2335 figurarum
841 2249 976 2327 ratione,
1379 2247 1448 2326 480

376 2353 463 2437 quod
486 2353 514 2417 si
540 2375 606 2418 non
629 2352 678 2418 ite
700 2353 751 2432 sit,
775 2374 904 2417 rursum
927 2351 994 2416 iam
1017 2350 1144 2417 semine
1166 2348 1327 2436 quaedem

291 2520 377 2570 Ventis
394 2534 443 2570 esee
461 2522 548 2571 dotem
568 2520 646 2571 Bern.
665 2520 796 2584 strengely
811 2521 852 2571 lor
869 2523 985 2571 Sensim
1004 2522 1125 2571 sedatum.
1158 2520 1276 2570 Sentibm
1292 2533 1342 2569 esee
1359 2517 1448 2568 66671

289 2598 373 2649 Faber
389 2600 561 2663 oonjeotnree;
584 2600 631 2651 but
649 2601 684 2651 he
702 2599 793 2651 thinks
811 2601 875 2651 with
893 2601 985 2651 Lemb.
1002 2600 1061 2652 thet
1078 2601 1210 2652 461-466
1228 2615 1272 2650 ere
1287 2597 1418 2662 spurious.

322 2681 371 2731 461
389 2682 564 2744 qnedmmque.
595 2683 662 2745 qued
674 2683 779 2745 qouque
793 2681 859 2732 Mer.
875 2681 949 2732 Junt.
961 2682 1038 2746 vulg„
1050 2681 1163 2745 vrongly
1178 2681 1279 2745 joining
1292 2679 1347 2731 this
1361 2680 1451 2730 oleuse

290 2760 354 2811 with
372 2761 418 2813 the
436 2761 581 2826 preceding·
684 2764 734 2815 465
760 2765 848 2814 hebete
867 2762 917 2814 Ed.
937 2764 978 2814 lor
993 2766 1070 2815 debet.
1098 2761 1198 2815 iubebis
1217 2762 1314 2814 Lech:
1341 2762 1389 2812 but
1412 2761 1449 2811 he

291 2842 383 2893 thinks
401 2846 471 2894 &bet
489 2843 593 2906 meybe
608 2842 680 2906 right
699 2843 751 2894 end
768 2859 867 2896 everso
884 2846 916 2896 be
933 2846 995 2905 lost,
1011 2845 1064 2896 and
1081 2845 1137 2896 this
1153 2846 1233 2895 Bern.
1252 2859 1379 2895 assumes.
1413 2852 1451 2894 est

291 2927 392 2976 minime
406 2927 521 2976 mirabile
537 2926 675 2975 habendum
690 2925 775 2975 evit.
787 2926 860 2976 Mon.
871 2925 957 2975 elul
977 2926 1051 2976 Junt.
1069 2926 1227 2976 ‘Marullus’
1243 2940 1302 2989 ruys
1314 2925 1367 2975 Gir.
1395 2928 1451 2974 eui·

292 3022 367 3071 parom
378 3007 431 3058 Gil.
446 3007 504 3057 ‘Ite
514 3021 539 3058 v.
551 3006 578 3055 l.'
599 3006 649 3058 ie.
666 3006 726 3057 Ver.
736 3006 803 3058 Ven.
819 3007 854 3059 he
870 3007 967 3071 having
981 3008 1026 3059 the
1042 3007 1121 3058 letter
1135 3008 1223 3059 before
1239 3007 1297 3058 him
1311 3006 1375 3056 with
1393 3007 1451 3055 Me·

290 3089 381 3139 rullus'
392 3103 442 3140 ms.
454 3087 647 3150 emendetiom3
664 3102 759 3151 emong
768 3088 854 3139 which
865 3090 992 3139 Marullus
1004 3088 1057 3139 hed
1068 3089 1183 3141 inserted
1192 3090 1238 3140 the
1249 3088 1357 3150 reading
1365 3086 1393 3136 ol
1406 3085 1453 3135 hie

292 3186 342 3222 me.
356 3172 441 3224 Mon:
467 3172 539 3223 Brix.
558 3171 638 3223 omits
654 3171 700 3222 the
716 3171 794 3221 vord.
870 3173 920 3222 466
929 3174 1044 3236 floridio
1059 3180 1102 3223 eet.
1128 3173 1256 3237 fluvidum
1266 3180 1302 3221 eet
1312 3171 1371 3222 Ver.
1381 3169 1453 3220 Veu.

290 3255 408 3306 followed
422 3254 456 3320 by
466 3254 502 3305 ell
512 3253 567 3306 eds.
577 3253 663 3306 before
674 3252 755 3303 Lech.
767 3252 868 3316 though
877 3253 923 3305 the
934 3257 1016 3304 metre
1027 3255 1052 3305 is
1062 3255 1170 3318 thereby
1179 3253 1302 3305 violeted.
1397 3251 1452 3303 467

291 3339 339 3387 Eut
349 3354 362 3387 ι
374 3339 469 3409 helem
485 3344 561 3402 otqree
576 3337 681 3387 memnii
697 3337 812 3385 admixto
829 3337 922 3385 doloris
940 3336 1051 3399 Corpora
1062 3350 1140 3386 mss:
1158 3349 1230 3385 some
1241 3333 1269 3384 ol
1282 3332 1454 3385 thesevordn

291 3419 312 3468 it
323 3417 347 3468 is
358 3419 432 3481 phin
441 3418 508 3470 heve
519 3431 592 3469 eome
600 3417 666 3467 irem
677 3416 726 3468 466
737 3415 791 3466 und
801 3415 957 3478 suppinnted
967 3415 1013 3466 the
1023 3415 1104 3466 verde
1115 3416 1143 3466 ol
1152 3415 1231 3466 Lucr.
1256 3417 1313 3473 Est.
1324 3422 1348 3465 et
1359 3415 1454 3464 leviore

292 3507 352 3552 root
362 3503 466 3551 aliunde
477 3502 526 3552 eto.
537 3500 632 3550 Lech:
647 3498 739 3550 buthe
750 3496 815 3549 edds
826 3504 1001 3561 ‘quemquem
1012 3496 1050 3549 ric
1060 3512 1161 3561 quoque
1172 3496 1338 3548 mirationem
1352 3494 1457 3545 ieeinnt

293 3583 340 3632 ille
351 3584 444 3633 deteris
457 3584 576 3645 (impero,
588 3595 654 3644 quse
665 3584 728 3631 sunt
738 3581 882 3644 pungentis
892 3594 985 3631 senens
996 3582 1023 3631 et
1032 3580 1189 3632 laedentie':
1206 3577 1355 3643 quitetrue:
1371 3575 1456 3626 Bern.

292 3661 367 3712 reeds
378 3665 435 3720 Est,
444 3669 468 3711 et
477 3663 597 3725 rqrmlido
607 3669 666 3711 nent
676 3664 731 3711 illie
742 3663 801 3721 eto,
811 3661 863 3711 end
870 3663 990 3725 squalido
1000 3660 1095 3712 indeed
1106 3675 1190 3712 seems
1200 3672 1350 3721 necessary:
1361 3657 1375 3706 1
1384 3656 1457 3707 have

293 3743 421 3793 therelore
430 3741 534 3793 written
543 3745 600 3801 Est,
616 3749 642 3791 et
655 3743 776 3805 squalido
790 3744 871 3792 melu
883 3750 969 3793 ereoru
982 3744 1096 3792 odem
1110 3744 1202 3793 doloris
1217 3742 1341 3803 Corpora:
1358 3739 1459 3789 doloris

294 3823 371 3886 being
381 3824 408 3873 et
418 3838 507 3874 ooume
517 3824 563 3873 the
575 3837 659 3873 eorus.
671 3824 739 3886 plur.
837 3824 887 3875 466
903 3834 1049 3876 meeseunut
1059 3824 1140 3877 Lech.
1151 3825 1309 3875 formem.
1403 3820 1459 3873 469

293 3908 403 3953 ceruteet
413 3902 457 3952 old
468 3903 521 3953 eds.
532 3905 574 3954 lor
583 3911 684 3954 eorretet.
782 3903 831 3957 471
848 3908 885 3955 Et
900 3922 949 3969 que
964 3907 1040 3957 Pont.
1056 3905 1121 3956 Mer.
1138 3904 1212 3955 dunt.
1229 3904 1269 3954 ior
1282 3904 1320 3953 Et
1336 3904 1415 3967 quaed.

328 3981 471 4033 471-477:
487 3982 522 4047 by
538 3983 652 4034 sbetter
665 3984 837 4046 punctuation
848 3984 900 4035 end
910 3986 945 4049 by
954 3985 1078 4050 doubling
1088 4001 1137 4037 one
1147 3985 1247 4036 letterI
1260 3984 1327 4034 heve
1337 3981 1463 4034 reotified

295 4061 350 4114 this
360 4075 483 4125 possem:
499 4064 548 4116 476
561 4062 576 4113 1
586 4062 652 4114 heve
663 4063 753 4126 pleoed
764 4079 781 4114 s
792 4068 850 4129 stop
864 4067 931 4117 ulter
943 4070 1093 4126 sumundi.
1106 4066 1158 4118 end
1168 4065 1289 4118 removed
1300 4064 1357 4115 thet
1367 4064 1462 4115 which

296 4145 332 4197 ell
351 4144 446 4195 tormer
464 4143 560 4195 editors
577 4144 644 4195 here
663 4148 710 4208 put
729 4145 796 4196 etter
813 4148 925 4207 υίάαιάί,
942 4148 995 4199 end
1011 4150 1061 4201 477
1077 4148 1144 4199 heve
1160 4148 1263 4198 written
1279 4160 1352 4209 errem
1372 4147 1464 4209 mepte

295 4226 336 4275 ior
354 4239 403 4287 quo
420 4226 508 4287 mepte.
541 4223 623 4274 Lech.
639 4226 701 4287 pute
719 4225 768 4277 476
783 4225 870 4276 belore
884 4228 934 4280 474
950 4228 1003 4278 eud
1019 4228 1085 4280 theu
1103 4229 1190 4280 leeves
1209 4242 1226 4278 s
1245 4229 1314 4278 most
1333 4225 1465 4278 involved

296 4307 425 4358 sentem.
521 4305 572 4357 474
588 4308 678 4358 deut.
706 4308 788 4359 deuii
809 4309 862 4360 ou.
882 4310 929 4360 not
948 4310 1053 4362 namn:
1076 4310 1169 4363 humb.
1186 4310 1265 4372 keeps
1284 4311 1368 4360 duim
1385 4307 1429 4359 ed.
1445 4308 1463 4358 1

295 4387 349 4439 end
359 4389 388 4438 2:
405 4388 440 4439 he
450 4387 609 4453 conjecturor
620 4390 720 4441 auehe
731 4388 784 4439 end
795 4389 869 4440 reeds
881 4393 963 4442 ducet
974 4391 1015 4442 ed.
1028 4395 1052 4443 8.
1156 4392 1205 4443 477
1220 4392 1326 4454 weriot.
1352 4396 1465 4452 poem
