<?xml version="1.0" encoding="UTF-8"?>
<!DOCTYPE html PUBLIC "-//W3C//DTD XHTML 1.0 Transitional//EN"
    "http://www.w3.org/TR/xhtml1/DTD/xhtml1-transitional.dtd">
<html xmlns="http://www.w3.org/1999/xhtml" xml:lang="en" lang="en">
 <head>
  <title>
</title>
<meta http-equiv="Content-Type" content="text/html;charset=utf-8" />
  <meta name='ocr-system' content='tesseract 3.04.00' />
  <meta name='ocr-capabilities' content='ocr_page ocr_carea ocr_par ocr_line ocrx_word'/>
</head>
<body>
  <div class='ocr_page' id='page_1' title='image "./dererumnaturali01munrgoog_0239.png"; bbox 0 0 3092 4984; ppageno 0'>
   <div class='ocr_carea' id='block_1_1' title="bbox 798 266 828 328">
    <p class='ocr_par' dir='ltr' id='par_1_1' title="bbox 798 266 828 328">
     <span class='ocr_line' id='line_1_1' title="bbox 798 266 828 328; baseline 0 0"><span class='ocrx_word' id='word_1_1' title='bbox 798 266 828 328; x_wconf 90' lang='lat' dir='ltr'>V</span> 
     </span>
    </p>
   </div>
   <div class='ocr_carea' id='block_1_2' title="bbox 261 420 1399 3797">
    <p class='ocr_par' dir='ltr' id='par_1_2' title="bbox 261 420 1399 3797">
     <span class='ocr_line' id='line_1_2' title="bbox 261 420 1259 507; baseline -0.005 -19"><span class='ocrx_word' id='word_1_2' title='bbox 261 441 266 453; x_wconf 72' lang='lat'><strong><em>⁴</em></strong></span> <span class='ocrx_word' id='word_1_3' title='bbox 326 447 399 488; x_wconf 89' lang='lat' dir='ltr'><strong>cum</strong></span> <span class='ocrx_word' id='word_1_4' title='bbox 423 424 487 488; x_wconf 87' lang='lat' dir='ltr'><strong>iam</strong></span> <span class='ocrx_word' id='word_1_5' title='bbox 509 444 567 507; x_wconf 89' lang='lat' dir='ltr'><strong>per</strong></span> <span class='ocrx_word' id='word_1_6' title='bbox 588 431 690 487; x_wconf 84' lang='lat' dir='ltr'><strong>terras</strong></span> <span class='ocrx_word' id='word_1_7' title='bbox 711 420 863 486; x_wconf 87' lang='lat' dir='ltr'><strong>frondent</strong></span> <span class='ocrx_word' id='word_1_8' title='bbox 884 428 983 507; x_wconf 88' lang='lat' dir='ltr'><strong>atque</strong></span> <span class='ocrx_word' id='word_1_9' title='bbox 1005 421 1115 487; x_wconf 89' lang='lat' dir='ltr'><strong>omnia</strong></span> <span class='ocrx_word' id='word_1_10' title='bbox 1135 422 1259 494; x_wconf 89' lang='lat' dir='ltr'><strong>florent,</strong></span> 
     </span>
     <span class='ocr_line' id='line_1_3' title="bbox 326 526 1388 602; baseline -0.008 -9"><span class='ocrx_word' id='word_1_11' title='bbox 326 538 385 593; x_wconf 87' lang='lat' dir='ltr'><strong>aut</strong></span> <span class='ocrx_word' id='word_1_12' title='bbox 405 527 514 592; x_wconf 86' lang='lat' dir='ltr'><strong>nimiis</strong></span> <span class='ocrx_word' id='word_1_13' title='bbox 537 534 637 591; x_wconf 88' lang='lat' dir='ltr'><strong>torret</strong></span> <span class='ocrx_word' id='word_1_14' title='bbox 659 527 836 592; x_wconf 85' lang='lat' dir='ltr'><strong>fervoribus</strong></span> <span class='ocrx_word' id='word_1_15' title='bbox 858 526 1020 591; x_wconf 84' lang='lat' dir='ltr'><strong>aetherius</strong></span> <span class='ocrx_word' id='word_1_16' title='bbox 1043 527 1088 590; x_wconf 88' lang='lat' dir='ltr'><strong>sol</strong></span> <span class='ocrx_word' id='word_1_17' title='bbox 1327 536 1388 602; x_wconf 80' lang='lat'><strong>215</strong></span> 
     </span>
     <span class='ocr_line' id='line_1_4' title="bbox 327 629 1209 717; baseline -0.001 -21"><span class='ocrx_word' id='word_1_18' title='bbox 327 641 385 696; x_wconf 91' lang='lat' dir='ltr'><strong>aut</strong></span> <span class='ocrx_word' id='word_1_19' title='bbox 407 632 504 695; x_wconf 79' lang='lat' dir='ltr'><strong>subiti</strong></span> <span class='ocrx_word' id='word_1_20' title='bbox 528 641 701 716; x_wconf 88' lang='lat' dir='ltr'><strong>peremunt</strong></span> <span class='ocrx_word' id='word_1_21' title='bbox 723 632 834 696; x_wconf 81' lang='lat' dir='ltr'><strong>imbris</strong></span> <span class='ocrx_word' id='word_1_22' title='bbox 856 631 1044 717; x_wconf 79' lang='lat' dir='ltr'>gelidaeque</span> <span class='ocrx_word' id='word_1_23' title='bbox 1067 629 1209 716; x_wconf 85' lang='lat' dir='ltr'><strong>pruinae,</strong></span> 
     </span>
     <span class='ocr_line' id='line_1_5' title="bbox 327 735 1148 820; baseline -0.002 -20"><span class='ocrx_word' id='word_1_24' title='bbox 327 736 491 820; x_wconf 86' lang='lat' dir='ltr'><strong>flabraque</strong></span> <span class='ocrx_word' id='word_1_25' title='bbox 515 742 684 799; x_wconf 84' lang='lat' dir='ltr'><strong>ventorum</strong></span> <span class='ocrx_word' id='word_1_26' title='bbox 705 735 848 799; x_wconf 87' lang='lat' dir='ltr'><strong>violento</strong></span> <span class='ocrx_word' id='word_1_27' title='bbox 868 735 998 800; x_wconf 79' lang='lat' dir='ltr'><strong>turbine</strong></span> <span class='ocrx_word' id='word_1_28' title='bbox 1021 742 1148 801; x_wconf 84' lang='lat' dir='ltr'><strong>vexant</strong></span> 
     </span>
     <span class='ocr_line' id='line_1_6' title="bbox 328 837 1130 926; baseline -0.002 -23"><span class='ocrx_word' id='word_1_29' title='bbox 328 848 494 926; x_wconf 65' lang='lat' dir='ltr'><strong>praeterr</strong></span> <span class='ocrx_word' id='word_1_30' title='bbox 514 860 616 923; x_wconf 85' lang='lat' dir='ltr'><strong>genus</strong></span> <span class='ocrx_word' id='word_1_31' title='bbox 639 837 830 901; x_wconf 80' lang='lat' dir='ltr'><strong>horriferum</strong></span> <span class='ocrx_word' id='word_1_32' title='bbox 852 847 970 902; x_wconf 86' lang='lat' dir='ltr'><strong>natura</strong></span> <span class='ocrx_word' id='word_1_33' title='bbox 990 837 1130 902; x_wconf 86' lang='lat' dir='ltr'><strong>ferarum</strong></span> 
     </span>
     <span class='ocr_line' id='line_1_7' title="bbox 328 941 1119 1027; baseline -0.003 -20"><span class='ocrx_word' id='word_1_34' title='bbox 328 944 489 1007; x_wconf 88' lang='lat' dir='ltr'><strong>humanae</strong></span> <span class='ocrx_word' id='word_1_35' title='bbox 511 941 601 1027; x_wconf 84' lang='lat' dir='ltr'><strong>genti</strong></span> <span class='ocrx_word' id='word_1_36' title='bbox 623 941 779 1006; x_wconf 84' lang='lat' dir='ltr'><strong>infestum</strong></span> <span class='ocrx_word' id='word_1_37' title='bbox 802 951 952 1027; x_wconf 88' lang='lat' dir='ltr'><strong>terraque</strong></span> <span class='ocrx_word' id='word_1_38' title='bbox 974 942 1119 1026; x_wconf 89' lang='lat' dir='ltr'><strong>marique</strong></span> 
     </span>
     <span class='ocr_line' id='line_1_8' title="bbox 328 1044 1394 1131; baseline -0.006 -20"><span class='ocrx_word' id='word_1_39' title='bbox 328 1069 385 1111; x_wconf 89' lang='lat' dir='ltr'><strong>cur</strong></span> <span class='ocrx_word' id='word_1_40' title='bbox 408 1046 467 1111; x_wconf 90' lang='lat' dir='ltr'><strong>alit</strong></span> <span class='ocrx_word' id='word_1_41' title='bbox 490 1055 588 1130; x_wconf 89' lang='lat' dir='ltr'><strong>atque</strong></span> <span class='ocrx_word' id='word_1_42' title='bbox 612 1049 732 1131; x_wconf 72' lang='lat' dir='ltr'><strong>auget?</strong></span> <span class='ocrx_word' id='word_1_43' title='bbox 754 1068 810 1110; x_wconf 89' lang='lat' dir='ltr'><strong>cur</strong></span> <span class='ocrx_word' id='word_1_44' title='bbox 833 1046 911 1111; x_wconf 87' lang='lat' dir='ltr'><strong>anni</strong></span> <span class='ocrx_word' id='word_1_45' title='bbox 934 1055 1080 1131; x_wconf 85' lang='lat' dir='ltr'><strong>tempora</strong></span> <span class='ocrx_word' id='word_1_46' title='bbox 1102 1044 1229 1108; x_wconf 81' lang='lat' dir='ltr'><strong>morbos</strong></span> <span class='ocrx_word' id='word_1_47' title='bbox 1329 1058 1394 1105; x_wconf 86' lang='lat'><strong>220</strong></span> 
     </span>
     <span class='ocr_line' id='line_1_9' title="bbox 326 1150 1114 1236; baseline 0 -21"><span class='ocrx_word' id='word_1_48' title='bbox 326 1151 520 1236; x_wconf 83' lang='lat' dir='ltr'><strong>adportantl</strong></span> <span class='ocrx_word' id='word_1_49' title='bbox 543 1172 641 1234; x_wconf 89' lang='lat' dir='ltr'><strong>quare</strong></span> <span class='ocrx_word' id='word_1_50' title='bbox 665 1171 749 1213; x_wconf 85' lang='lat' dir='ltr'><strong>mors</strong></span> <span class='ocrx_word' id='word_1_51' title='bbox 771 1150 935 1215; x_wconf 86' lang='lat' dir='ltr'><strong>inmatura</strong></span> <span class='ocrx_word' id='word_1_52' title='bbox 955 1155 1114 1236; x_wconf 66' lang='lat' dir='ltr'><strong>rogatur?</strong></span> 
     </span>
     <span class='ocr_line' id='line_1_10' title="bbox 328 1252 1172 1338; baseline -0.001 -21"><span class='ocrx_word' id='word_1_53' title='bbox 328 1262 400 1317; x_wconf 91' lang='lat' dir='ltr'><strong>tum</strong></span> <span class='ocrx_word' id='word_1_54' title='bbox 421 1274 515 1337; x_wconf 89' lang='lat' dir='ltr'><strong>porro</strong></span> <span class='ocrx_word' id='word_1_55' title='bbox 536 1274 624 1337; x_wconf 89' lang='lat' dir='ltr'><strong>puer,</strong></span> <span class='ocrx_word' id='word_1_56' title='bbox 647 1260 686 1316; x_wconf 92' lang='lat' dir='ltr'><strong>ut</strong></span> <span class='ocrx_word' id='word_1_57' title='bbox 707 1252 810 1317; x_wconf 88' lang='lat' dir='ltr'><strong>saevis</strong></span> <span class='ocrx_word' id='word_1_58' title='bbox 831 1254 991 1338; x_wconf 82' lang='lat' dir='ltr'><strong>proiectus</strong></span> <span class='ocrx_word' id='word_1_59' title='bbox 1013 1253 1055 1318; x_wconf 89' lang='lat' dir='ltr'><strong>ab</strong></span> <span class='ocrx_word' id='word_1_60' title='bbox 1077 1252 1172 1316; x_wconf 85' lang='lat' dir='ltr'><strong>undis</strong></span> 
     </span>
     <span class='ocr_line' id='line_1_11' title="bbox 329 1355 1196 1440; baseline -0.002 -19"><span class='ocrx_word' id='word_1_61' title='bbox 329 1357 441 1421; x_wconf 86' lang='lat' dir='ltr'><strong>navita</strong></span> <span class='ocrx_word' id='word_1_62' title='bbox 461 1355 568 1420; x_wconf 87' lang='lat' dir='ltr'><strong>nudus</strong></span> <span class='ocrx_word' id='word_1_63' title='bbox 590 1356 680 1420; x_wconf 92' lang='lat' dir='ltr'><strong>humi</strong></span> <span class='ocrx_word' id='word_1_64' title='bbox 704 1356 796 1431; x_wconf 89' lang='lat' dir='ltr'><strong>iacet,</strong></span> <span class='ocrx_word' id='word_1_65' title='bbox 820 1355 934 1433; x_wconf 87' lang='lat' dir='ltr'><strong>infans,</strong></span> <span class='ocrx_word' id='word_1_66' title='bbox 958 1355 1086 1440; x_wconf 83' lang='lat' dir='ltr'><strong>indigus</strong></span> <span class='ocrx_word' id='word_1_67' title='bbox 1108 1355 1196 1419; x_wconf 90' lang='lat' dir='ltr'><strong>omni</strong></span> 
     </span>
     <span class='ocr_line' id='line_1_12' title="bbox 327 1458 1134 1542; baseline 0 -18"><span class='ocrx_word' id='word_1_68' title='bbox 327 1459 420 1524; x_wconf 85' lang='lat' dir='ltr'><strong>vitali</strong></span> <span class='ocrx_word' id='word_1_69' title='bbox 442 1458 571 1534; x_wconf 81' lang='lat' dir='ltr'><strong>auxilio,</strong></span> <span class='ocrx_word' id='word_1_70' title='bbox 595 1458 833 1542; x_wconf 89' lang='lat' dir='ltr'><strong>cumprimum</strong></span> <span class='ocrx_word' id='word_1_71' title='bbox 854 1458 889 1522; x_wconf 91' lang='lat' dir='ltr'><strong>in</strong></span> <span class='ocrx_word' id='word_1_72' title='bbox 911 1459 1042 1523; x_wconf 85' lang='lat' dir='ltr'><strong>luminis</strong></span> <span class='ocrx_word' id='word_1_73' title='bbox 1064 1481 1134 1524; x_wconf 87' lang='lat' dir='ltr'><strong>oras</strong></span> 
     </span>
     <span class='ocr_line' id='line_1_13' title="bbox 328 1562 1390 1648; baseline -0.003 -21"><span class='ocrx_word' id='word_1_74' title='bbox 328 1562 457 1627; x_wconf 80' lang='lat' dir='ltr'>nixibus</span> <span class='ocrx_word' id='word_1_75' title='bbox 480 1584 521 1626; x_wconf 88' lang='lat' dir='ltr'><strong>ex</strong></span> <span class='ocrx_word' id='word_1_76' title='bbox 542 1563 614 1627; x_wconf 86' lang='lat' dir='ltr'><strong>alvo</strong></span> <span class='ocrx_word' id='word_1_77' title='bbox 636 1562 748 1626; x_wconf 87' lang='lat' dir='ltr'><strong>matris</strong></span> <span class='ocrx_word' id='word_1_78' title='bbox 771 1571 888 1626; x_wconf 88' lang='lat' dir='ltr'><strong>natura</strong></span> <span class='ocrx_word' id='word_1_79' title='bbox 909 1564 1059 1648; x_wconf 84' lang='lat' dir='ltr'><strong>profudit,</strong></span> <span class='ocrx_word' id='word_1_80' title='bbox 1330 1575 1390 1642; x_wconf 81' lang='lat'><strong>225</strong></span> 
     </span>
     <span class='ocr_line' id='line_1_14' title="bbox 329 1664 1181 1750; baseline 0.001 -21"><span class='ocrx_word' id='word_1_81' title='bbox 329 1664 504 1749; x_wconf 86' lang='lat' dir='ltr'><strong>vagituque</strong></span> <span class='ocrx_word' id='word_1_82' title='bbox 527 1664 632 1728; x_wconf 92' lang='lat' dir='ltr'><strong>locum</strong></span> <span class='ocrx_word' id='word_1_83' title='bbox 655 1664 784 1749; x_wconf 86' lang='lat' dir='ltr'><strong>lugubri</strong></span> <span class='ocrx_word' id='word_1_84' title='bbox 806 1665 953 1750; x_wconf 84' lang='lat' dir='ltr'><strong>complet,</strong></span> <span class='ocrx_word' id='word_1_85' title='bbox 977 1679 1015 1730; x_wconf 83' lang='lat' dir='ltr'><strong>ut</strong></span> <span class='ocrx_word' id='word_1_86' title='bbox 1037 1675 1181 1731; x_wconf 79' lang='lat' dir='ltr'><strong>aecumst</strong></span> 
     </span>
     <span class='ocr_line' id='line_1_15' title="bbox 328 1767 1147 1834; baseline 0.002 -2"><span class='ocrx_word' id='word_1_87' title='bbox 328 1768 381 1832; x_wconf 86' lang='lat' dir='ltr'><strong>cui</strong></span> <span class='ocrx_word' id='word_1_88' title='bbox 403 1775 533 1831; x_wconf 91' lang='lat' dir='ltr'><strong>tantum</strong></span> <span class='ocrx_word' id='word_1_89' title='bbox 555 1767 590 1831; x_wconf 91' lang='lat' dir='ltr'><strong>in</strong></span> <span class='ocrx_word' id='word_1_90' title='bbox 612 1767 680 1831; x_wconf 88' lang='lat' dir='ltr'><strong>vita</strong></span> <span class='ocrx_word' id='word_1_91' title='bbox 702 1775 801 1832; x_wconf 86' lang='lat' dir='ltr'><strong>restet</strong></span> <span class='ocrx_word' id='word_1_92' title='bbox 822 1768 958 1833; x_wconf 80' lang='lat' dir='ltr'><strong>transire</strong></span> <span class='ocrx_word' id='word_1_93' title='bbox 981 1769 1147 1834; x_wconf 88' lang='lat' dir='ltr'><strong>malorum.</strong></span> 
     </span>
     <span class='ocr_line' id='line_1_16' title="bbox 328 1869 1162 1957; baseline 0.004 -23"><span class='ocrx_word' id='word_1_94' title='bbox 328 1879 364 1935; x_wconf 90' lang='lat' dir='ltr'><strong>at</strong></span> <span class='ocrx_word' id='word_1_95' title='bbox 385 1869 492 1934; x_wconf 84' lang='lat' dir='ltr'><strong>variae</strong></span> <span class='ocrx_word' id='word_1_96' title='bbox 515 1879 662 1934; x_wconf 86' lang='lat' dir='ltr'><strong>crescunt</strong></span> <span class='ocrx_word' id='word_1_97' title='bbox 683 1869 822 1953; x_wconf 88' lang='lat' dir='ltr'><strong>pecudes</strong></span> <span class='ocrx_word' id='word_1_98' title='bbox 844 1881 991 1936; x_wconf 87' lang='lat' dir='ltr'><strong>armenta</strong></span> <span class='ocrx_word' id='word_1_99' title='bbox 1012 1872 1162 1957; x_wconf 82' lang='lat' dir='ltr'><strong>feraeque</strong></span> 
     </span>
     <span class='ocr_line' id='line_1_17' title="bbox 328 1973 1278 2059; baseline -0.001 -20"><span class='ocrx_word' id='word_1_100' title='bbox 328 1995 388 2039; x_wconf 77' lang='lat' dir='ltr'><strong>nec</strong></span> <span class='ocrx_word' id='word_1_101' title='bbox 409 1973 612 2058; x_wconf 79' lang='lat' dir='ltr'><strong>crepitacillis</strong></span> <span class='ocrx_word' id='word_1_102' title='bbox 634 1995 713 2058; x_wconf 90' lang='lat' dir='ltr'><strong>opus</strong></span> <span class='ocrx_word' id='word_1_103' title='bbox 736 1982 867 2038; x_wconf 86' lang='lat' dir='ltr'><strong>estnec</strong></span> <span class='ocrx_word' id='word_1_104' title='bbox 890 1975 1040 2059; x_wconf 91' lang='lat' dir='ltr'><strong>cuiquam</strong></span> <span class='ocrx_word' id='word_1_105' title='bbox 1063 1973 1278 2039; x_wconf 67' lang='lat' dir='ltr'><strong>adhibendast</strong></span> 
     </span>
     <span class='ocr_line' id='line_1_18' title="bbox 329 2073 1396 2161; baseline -0.001 -20"><span class='ocrx_word' id='word_1_106' title='bbox 329 2077 434 2141; x_wconf 90' lang='lat' dir='ltr'><strong>almae</strong></span> <span class='ocrx_word' id='word_1_107' title='bbox 456 2074 590 2138; x_wconf 89' lang='lat' dir='ltr'><strong>nutricis</strong></span> <span class='ocrx_word' id='word_1_108' title='bbox 612 2073 731 2138; x_wconf 82' lang='lat' dir='ltr'><strong>blanda</strong></span> <span class='ocrx_word' id='word_1_109' title='bbox 752 2082 851 2160; x_wconf 86' lang='lat' dir='ltr'><strong>atque</strong></span> <span class='ocrx_word' id='word_1_110' title='bbox 873 2075 1010 2140; x_wconf 86' lang='lat' dir='ltr'><strong>infracta</strong></span> <span class='ocrx_word' id='word_1_111' title='bbox 1031 2076 1171 2161; x_wconf 83' lang='lat' dir='ltr'><strong>loquella</strong></span> <span class='ocrx_word' id='word_1_112' title='bbox 1331 2092 1349 2138; x_wconf 87' lang='grc'>2</span> <span class='ocrx_word' id='word_1_113' title='bbox 1353 2093 1396 2156; x_wconf 80' lang='lat'><strong>30</strong></span> 
     </span>
     <span class='ocr_line' id='line_1_19' title="bbox 328 2169 1181 2263; baseline -0.004 -19"><span class='ocrx_word' id='word_1_114' title='bbox 328 2201 387 2244; x_wconf 91' lang='lat' dir='ltr'><strong>nec</strong></span> <span class='ocrx_word' id='word_1_115' title='bbox 409 2178 513 2242; x_wconf 82' lang='lat' dir='ltr'><strong>varias</strong></span> <span class='ocrx_word' id='word_1_116' title='bbox 535 2169 696 2261; x_wconf 86' lang='lat' dir='ltr'><strong>quaerunt</strong></span> <span class='ocrx_word' id='word_1_117' title='bbox 718 2186 824 2241; x_wconf 84' lang='lat' dir='ltr'><strong>vestes</strong></span> <span class='ocrx_word' id='word_1_118' title='bbox 845 2199 903 2262; x_wconf 91' lang='lat' dir='ltr'><strong>pro</strong></span> <span class='ocrx_word' id='word_1_119' title='bbox 925 2186 1070 2263; x_wconf 89' lang='lat' dir='ltr'><strong>tempore</strong></span> <span class='ocrx_word' id='word_1_120' title='bbox 1092 2178 1181 2253; x_wconf 89' lang='lat' dir='ltr'><strong>caeli,</strong></span> 
     </span>
     <span class='ocr_line' id='line_1_20' title="bbox 329 2279 1241 2367; baseline -0.004 -20"><span class='ocrx_word' id='word_1_121' title='bbox 329 2282 469 2367; x_wconf 89' lang='lat' dir='ltr'><strong>denique</strong></span> <span class='ocrx_word' id='word_1_122' title='bbox 490 2301 556 2344; x_wconf 90' lang='lat' dir='ltr'><strong>non</strong></span> <span class='ocrx_word' id='word_1_123' title='bbox 578 2280 675 2343; x_wconf 88' lang='lat' dir='ltr'><strong>armis</strong></span> <span class='ocrx_word' id='word_1_124' title='bbox 697 2301 778 2364; x_wconf 87' lang='lat' dir='ltr'><strong>opus</strong></span> <span class='ocrx_word' id='word_1_125' title='bbox 800 2289 856 2357; x_wconf 88' lang='lat' dir='ltr'><strong>cst,</strong></span> <span class='ocrx_word' id='word_1_126' title='bbox 880 2303 945 2345; x_wconf 93' lang='lat' dir='ltr'><strong>non</strong></span> <span class='ocrx_word' id='word_1_127' title='bbox 967 2280 1136 2345; x_wconf 86' lang='lat' dir='ltr'><strong>moenibus</strong></span> <span class='ocrx_word' id='word_1_128' title='bbox 1159 2279 1241 2358; x_wconf 89' lang='lat' dir='ltr'><strong>altis,</strong></span> 
     </span>
     <span class='ocr_line' id='line_1_21' title="bbox 328 2383 1205 2471; baseline -0.001 -22"><span class='ocrx_word' id='word_1_129' title='bbox 328 2386 385 2471; x_wconf 92' lang='lat' dir='ltr'><strong>qui</strong></span> <span class='ocrx_word' id='word_1_130' title='bbox 407 2408 465 2449; x_wconf 85' lang='lat' dir='ltr'><strong>sua</strong></span> <span class='ocrx_word' id='word_1_131' title='bbox 487 2392 643 2460; x_wconf 88' lang='lat' dir='ltr'><strong>tutentur,</strong></span> <span class='ocrx_word' id='word_1_132' title='bbox 667 2383 795 2468; x_wconf 89' lang='lat' dir='ltr'><strong>quando</strong></span> <span class='ocrx_word' id='word_1_133' title='bbox 818 2384 967 2448; x_wconf 90' lang='lat' dir='ltr'><strong>omnibus</strong></span> <span class='ocrx_word' id='word_1_134' title='bbox 989 2384 1098 2449; x_wconf 89' lang='lat' dir='ltr'><strong>omnia</strong></span> <span class='ocrx_word' id='word_1_135' title='bbox 1118 2385 1205 2469; x_wconf 85' lang='lat' dir='ltr'><strong>large</strong></span> 
     </span>
     <span class='ocr_line' id='line_1_22' title="bbox 328 2487 1141 2572; baseline -0.001 -20"><span class='ocrx_word' id='word_1_136' title='bbox 328 2489 426 2553; x_wconf 85' lang='lat' dir='ltr'><strong>tellus</strong></span> <span class='ocrx_word' id='word_1_137' title='bbox 448 2488 518 2572; x_wconf 85' lang='lat' dir='ltr'><strong>ipsa</strong></span> <span class='ocrx_word' id='word_1_138' title='bbox 540 2487 627 2572; x_wconf 89' lang='lat' dir='ltr'><strong>parit</strong></span> <span class='ocrx_word' id='word_1_139' title='bbox 649 2497 830 2571; x_wconf 85' lang='lat' dir='ltr'><strong>naturaque</strong></span> <span class='ocrx_word' id='word_1_140' title='bbox 855 2487 989 2551; x_wconf 87' lang='lat' dir='ltr'><strong>daedala</strong></span> <span class='ocrx_word' id='word_1_141' title='bbox 1011 2487 1141 2572; x_wconf 89' lang='lat' dir='ltr'><strong>rerum]</strong></span> 
     </span>
     <span class='ocr_line' id='line_1_23' title="bbox 372 2589 1393 2674; baseline 0.001 -22"><span class='ocrx_word' id='word_1_142' title='bbox 372 2589 533 2673; x_wconf 92' lang='lat' dir='ltr'><strong>Principio</strong></span> <span class='ocrx_word' id='word_1_143' title='bbox 555 2589 707 2673; x_wconf 89' lang='lat' dir='ltr'><strong>quoniam</strong></span> <span class='ocrx_word' id='word_1_144' title='bbox 732 2590 829 2652; x_wconf 85' lang='lat' dir='ltr'><strong>terrai</strong></span> <span class='ocrx_word' id='word_1_145' title='bbox 854 2611 967 2674; x_wconf 88' lang='lat' dir='ltr'><strong>corpus</strong></span> <span class='ocrx_word' id='word_1_146' title='bbox 991 2598 1025 2654; x_wconf 88' lang='lat' dir='ltr'><strong>et</strong></span> <span class='ocrx_word' id='word_1_147' title='bbox 1048 2611 1142 2654; x_wconf 92' lang='lat' dir='ltr'><strong>umor</strong></span> <span class='ocrx_word' id='word_1_148' title='bbox 1331 2605 1393 2669; x_wconf 79' lang='lat'><strong>235</strong></span> 
     </span>
     <span class='ocr_line' id='line_1_24' title="bbox 328 2691 1152 2777; baseline 0 -21"><span class='ocrx_word' id='word_1_149' title='bbox 328 2714 544 2777; x_wconf 86' lang='lat' dir='ltr'><strong>aurarumque</strong></span> <span class='ocrx_word' id='word_1_150' title='bbox 569 2693 655 2756; x_wconf 84' lang='lat' dir='ltr'><strong>leves</strong></span> <span class='ocrx_word' id='word_1_151' title='bbox 679 2691 807 2755; x_wconf 88' lang='lat' dir='ltr'><strong>animae</strong></span> <span class='ocrx_word' id='word_1_152' title='bbox 829 2691 988 2776; x_wconf 87' lang='lat' dir='ltr'><strong>calidique</strong></span> <span class='ocrx_word' id='word_1_153' title='bbox 1011 2713 1152 2776; x_wconf 84' lang='lat' dir='ltr'><strong>vapores,</strong></span> 
     </span>
     <span class='ocr_line' id='line_1_25' title="bbox 329 2794 1232 2879; baseline -0.002 -19"><span class='ocrx_word' id='word_1_154' title='bbox 329 2817 347 2860; x_wconf 90' lang='lat' dir='ltr'><strong>e</strong></span> <span class='ocrx_word' id='word_1_155' title='bbox 371 2794 489 2879; x_wconf 89' lang='lat' dir='ltr'><strong>quibus</strong></span> <span class='ocrx_word' id='word_1_156' title='bbox 513 2794 592 2858; x_wconf 83' lang='lat' dir='ltr'><strong>haec</strong></span> <span class='ocrx_word' id='word_1_157' title='bbox 615 2816 723 2858; x_wconf 90' lang='lat' dir='ltr'><strong>rerum</strong></span> <span class='ocrx_word' id='word_1_158' title='bbox 749 2795 921 2859; x_wconf 87' lang='lat' dir='ltr'><strong>consistere</strong></span> <span class='ocrx_word' id='word_1_159' title='bbox 945 2818 1073 2860; x_wconf 83' lang='lat' dir='ltr'><strong>summa</strong></span> <span class='ocrx_word' id='word_1_160' title='bbox 1096 2796 1232 2872; x_wconf 86' lang='lat' dir='ltr'><strong>videtur,</strong></span> 
     </span>
     <span class='ocr_line' id='line_1_26' title="bbox 329 2897 1115 2982; baseline 0 -20"><span class='ocrx_word' id='word_1_161' title='bbox 329 2897 438 2962; x_wconf 86' lang='lat' dir='ltr'><strong>omnia</strong></span> <span class='ocrx_word' id='word_1_162' title='bbox 459 2897 568 2960; x_wconf 87' lang='lat' dir='ltr'><strong>nativo</strong></span> <span class='ocrx_word' id='word_1_163' title='bbox 592 2917 628 2959; x_wconf 90' lang='lat' dir='ltr'><strong>ac</strong></span> <span class='ocrx_word' id='word_1_164' title='bbox 652 2897 780 2959; x_wconf 79' lang='lat' dir='ltr'><strong>mortali</strong></span> <span class='ocrx_word' id='word_1_165' title='bbox 805 2920 933 2982; x_wconf 90' lang='lat' dir='ltr'><strong>corpore</strong></span> <span class='ocrx_word' id='word_1_166' title='bbox 958 2907 1115 2975; x_wconf 87' lang='lat' dir='ltr'><strong>constant,</strong></span> 
     </span>
     <span class='ocr_line' id='line_1_27' title="bbox 328 2988 1225 3086; baseline 0.002 -23"><span class='ocrx_word' id='word_1_167' title='bbox 328 3000 426 3065; x_wconf 90' lang='lat' dir='ltr'><strong>debet</strong></span> <span class='ocrx_word' id='word_1_168' title='bbox 448 2998 561 3063; x_wconf 89' lang='lat' dir='ltr'><strong>eodem</strong></span> <span class='ocrx_word' id='word_1_169' title='bbox 585 3000 689 3062; x_wconf 85' lang='lat' dir='ltr'><strong>omnis</strong></span> <span class='ocrx_word' id='word_1_170' title='bbox 713 2999 828 3063; x_wconf 91' lang='lat' dir='ltr'><strong>mundi</strong></span> <span class='ocrx_word' id='word_1_171' title='bbox 852 3008 970 3065; x_wconf 89' lang='lat' dir='ltr'><strong>natura</strong></span> <span class='ocrx_word' id='word_1_172' title='bbox 991 3002 1107 3086; x_wconf 81' lang='lat' dir='ltr'><strong>putari.</strong></span> <span class='ocrx_word' id='word_1_173' title='bbox 1223 2988 1225 2992; x_wconf 36' lang='lat'>⁵</span> 
     </span>
     <span class='ocr_line' id='line_1_28' title="bbox 328 3102 1399 3191; baseline -0.001 -22"><span class='ocrx_word' id='word_1_174' title='bbox 328 3106 448 3191; x_wconf 89' lang='lat' dir='ltr'><strong>quippe</strong></span> <span class='ocrx_word' id='word_1_175' title='bbox 471 3102 593 3167; x_wconf 86' lang='lat' dir='ltr'><strong>etenim</strong></span> <span class='ocrx_word' id='word_1_176' title='bbox 615 3125 752 3188; x_wconf 90' lang='lat' dir='ltr'><strong>quorum</strong></span> <span class='ocrx_word' id='word_1_177' title='bbox 776 3104 877 3188; x_wconf 86' lang='lat' dir='ltr'><strong>partis</strong></span> <span class='ocrx_word' id='word_1_178' title='bbox 903 3113 937 3169; x_wconf 91' lang='lat' dir='ltr'><strong>et</strong></span> <span class='ocrx_word' id='word_1_179' title='bbox 960 3105 1106 3169; x_wconf 88' lang='lat' dir='ltr'><strong>membra</strong></span> <span class='ocrx_word' id='word_1_180' title='bbox 1129 3103 1275 3169; x_wconf 86' lang='lat' dir='ltr'><strong>videmus</strong></span> <span class='ocrx_word' id='word_1_181' title='bbox 1330 3120 1399 3184; x_wconf 87' lang='lat'><strong>240</strong></span> 
     </span>
     <span class='ocr_line' id='line_1_29' title="bbox 328 3206 1095 3294; baseline -0.004 -20"><span class='ocrx_word' id='word_1_182' title='bbox 328 3228 457 3294; x_wconf 85' lang='lat' dir='ltr'><strong>corpore</strong></span> <span class='ocrx_word' id='word_1_183' title='bbox 479 3206 590 3270; x_wconf 87' lang='lat' dir='ltr'><strong>nativo</strong></span> <span class='ocrx_word' id='word_1_184' title='bbox 614 3227 650 3269; x_wconf 87' lang='lat' dir='ltr'><strong>ac</strong></span> <span class='ocrx_word' id='word_1_185' title='bbox 673 3206 863 3270; x_wconf 88' lang='lat' dir='ltr'><strong>mortalibus</strong></span> <span class='ocrx_word' id='word_1_186' title='bbox 887 3229 954 3271; x_wconf 87' lang='lat' dir='ltr'><strong>esse</strong></span> <span class='ocrx_word' id='word_1_187' title='bbox 978 3208 1095 3294; x_wconf 81' lang='lat' dir='ltr'><strong>figuris,</strong></span> 
     </span>
     <span class='ocr_line' id='line_1_30' title="bbox 327 3307 1114 3375; baseline -0.003 0"><span class='ocrx_word' id='word_1_188' title='bbox 327 3312 407 3375; x_wconf 88' lang='lat' dir='ltr'><strong>haec</strong></span> <span class='ocrx_word' id='word_1_189' title='bbox 429 3308 541 3373; x_wconf 87' lang='lat' dir='ltr'><strong>eadem</strong></span> <span class='ocrx_word' id='word_1_190' title='bbox 566 3307 665 3371; x_wconf 88' lang='lat' dir='ltr'><strong>ferme</strong></span> <span class='ocrx_word' id='word_1_191' title='bbox 689 3308 839 3371; x_wconf 88' lang='lat' dir='ltr'><strong>mortalia</strong></span> <span class='ocrx_word' id='word_1_192' title='bbox 862 3308 1022 3372; x_wconf 89' lang='lat' dir='ltr'><strong>cemimus</strong></span> <span class='ocrx_word' id='word_1_193' title='bbox 1046 3330 1114 3373; x_wconf 83' lang='lat' dir='ltr'><strong>esse</strong></span> 
     </span>
     <span class='ocr_line' id='line_1_31' title="bbox 328 3408 1146 3494; baseline -0.005 -18"><span class='ocrx_word' id='word_1_194' title='bbox 328 3422 363 3477; x_wconf 90' lang='lat' dir='ltr'><strong>et</strong></span> <span class='ocrx_word' id='word_1_195' title='bbox 386 3410 497 3474; x_wconf 86' lang='lat' dir='ltr'><strong>nativa</strong></span> <span class='ocrx_word' id='word_1_196' title='bbox 519 3408 624 3473; x_wconf 83' lang='lat' dir='ltr'><strong>simul.</strong></span> <span class='ocrx_word' id='word_1_197' title='bbox 648 3418 843 3494; x_wconf 88' lang='lat' dir='ltr'><strong>quapropter</strong></span> <span class='ocrx_word' id='word_1_198' title='bbox 865 3409 1008 3472; x_wconf 85' lang='lat' dir='ltr'><strong>maxima</strong></span> <span class='ocrx_word' id='word_1_199' title='bbox 1031 3408 1146 3472; x_wconf 89' lang='lat' dir='ltr'><strong>mundi</strong></span> 
     </span>
     <span class='ocr_line' id='line_1_32' title="bbox 328 3509 1275 3596; baseline -0.003 -19"><span class='ocrx_word' id='word_1_200' title='bbox 328 3534 401 3577; x_wconf 90' lang='lat' dir='ltr'><strong>cum</strong></span> <span class='ocrx_word' id='word_1_201' title='bbox 424 3509 551 3573; x_wconf 85' lang='lat' dir='ltr'><strong>videam</strong></span> <span class='ocrx_word' id='word_1_202' title='bbox 575 3512 721 3574; x_wconf 88' lang='lat' dir='ltr'><strong>membra</strong></span> <span class='ocrx_word' id='word_1_203' title='bbox 744 3532 781 3573; x_wconf 86' lang='lat' dir='ltr'><strong>ac</strong></span> <span class='ocrx_word' id='word_1_204' title='bbox 804 3510 904 3593; x_wconf 88' lang='lat' dir='ltr'><strong>partis</strong></span> <span class='ocrx_word' id='word_1_205' title='bbox 928 3520 1118 3594; x_wconf 82' lang='lat' dir='ltr'><strong>consumpta</strong></span> <span class='ocrx_word' id='word_1_206' title='bbox 1141 3511 1275 3596; x_wconf 81' lang='lat' dir='ltr'><strong>regigni,</strong></span> 
     </span>
     <span class='ocr_line' id='line_1_33' title="bbox 327 3608 1392 3695; baseline 0.003 -21"><span class='ocrx_word' id='word_1_207' title='bbox 327 3612 406 3674; x_wconf 85' lang='lat' dir='ltr'><strong>scire</strong></span> <span class='ocrx_word' id='word_1_208' title='bbox 431 3609 506 3672; x_wconf 84' lang='lat' dir='ltr'><strong>licet</strong></span> <span class='ocrx_word' id='word_1_209' title='bbox 529 3608 608 3671; x_wconf 92' lang='lat' dir='ltr'><strong>caeli</strong></span> <span class='ocrx_word' id='word_1_210' title='bbox 632 3631 760 3694; x_wconf 92' lang='lat' dir='ltr'><strong>quoque</strong></span> <span class='ocrx_word' id='word_1_211' title='bbox 784 3611 863 3674; x_wconf 91' lang='lat' dir='ltr'><strong>item</strong></span> <span class='ocrx_word' id='word_1_212' title='bbox 887 3620 1055 3695; x_wconf 88' lang='lat' dir='ltr'><strong>terraeque</strong></span> <span class='ocrx_word' id='word_1_213' title='bbox 1079 3611 1178 3677; x_wconf 84' lang='lat' dir='ltr'><strong>fuisse</strong></span> <span class='ocrx_word' id='word_1_214' title='bbox 1330 3628 1392 3695; x_wconf 85' lang='lat'><strong>245</strong></span> 
     </span>
     <span class='ocr_line' id='line_1_34' title="bbox 326 3709 1209 3797; baseline 0.008 -24"><span class='ocrx_word' id='word_1_215' title='bbox 326 3709 515 3795; x_wconf 82' lang='lat' dir='ltr'><strong>principiale</strong></span> <span class='ocrx_word' id='word_1_216' title='bbox 537 3709 667 3791; x_wconf 87' lang='lat' dir='ltr'><strong>aliquod</strong></span> <span class='ocrx_word' id='word_1_217' title='bbox 691 3721 821 3796; x_wconf 88' lang='lat' dir='ltr'><strong>tempus</strong></span> <span class='ocrx_word' id='word_1_218' title='bbox 845 3713 1032 3797; x_wconf 90' lang='lat' dir='ltr'><strong>clademque</strong></span> <span class='ocrx_word' id='word_1_219' title='bbox 1057 3714 1209 3780; x_wconf 86' lang='lat' dir='ltr'><strong>futuram.</strong></span> 
     </span>
    </p>
   </div>
   <div class='ocr_carea' id='block_1_3' title="bbox 235 3886 1397 4353">
    <p class='ocr_par' dir='ltr' id='par_1_3' title="bbox 235 3886 1397 4353">
     <span class='ocr_line' id='line_1_35' title="bbox 235 3886 1396 3956; baseline 0.009 -21"><span class='ocrx_word' id='word_1_220' title='bbox 235 3894 347 3956; x_wconf 76' lang='lat' dir='ltr'><strong>partem&#39;</strong></span> <span class='ocrx_word' id='word_1_221' title='bbox 363 3890 387 3938; x_wconf 86' lang='lat' dir='ltr'><strong>ir</strong></span> <span class='ocrx_word' id='word_1_222' title='bbox 398 3886 476 3937; x_wconf 85' lang='lat' dir='ltr'><strong>noted</strong></span> <span class='ocrx_word' id='word_1_223' title='bbox 487 3900 516 3935; x_wconf 81' lang='lat' dir='ltr'><strong>as</strong></span> <span class='ocrx_word' id='word_1_224' title='bbox 527 3889 638 3948; x_wconf 79' lang='lat' dir='ltr'><strong>strange.</strong></span> <span class='ocrx_word' id='word_1_225' title='bbox 735 3889 784 3939; x_wconf 89' lang='grc'><strong>227</strong></span> <span class='ocrx_word' id='word_1_226' title='bbox 799 3896 873 3938; x_wconf 72' lang='lat' dir='ltr'><strong>restet</strong></span> <span class='ocrx_word' id='word_1_227' title='bbox 884 3894 991 3940; x_wconf 72' lang='lat' dir='ltr'><strong>transire</strong></span> <span class='ocrx_word' id='word_1_228' title='bbox 1001 3891 1119 3942; x_wconf 79' lang='lat' dir='ltr'><strong>Lcotant.</strong></span> <span class='ocrx_word' id='word_1_229' title='bbox 1132 3893 1185 3943; x_wconf 81' lang='lat' dir='ltr'><strong>and</strong></span> <span class='ocrx_word' id='word_1_230' title='bbox 1195 3894 1267 3944; x_wconf 81' lang='lat' dir='ltr'><strong>Nion.</strong></span> <span class='ocrx_word' id='word_1_231' title='bbox 1280 3894 1321 3944; x_wconf 80' lang='lat' dir='ltr'><strong>lor</strong></span> <span class='ocrx_word' id='word_1_232' title='bbox 1333 3912 1359 3946; x_wconf 80' lang='lat' dir='ltr'><strong>re</strong></span> <span class='ocrx_word' id='word_1_233' title='bbox 1370 3904 1396 3946; x_wconf 76' lang='lat' dir='ltr'><strong>et</strong></span> 
     </span>
     <span class='ocr_line' id='line_1_36' title="bbox 240 3967 1397 4029; baseline 0.005 -7"><span class='ocrx_word' id='word_1_234' title='bbox 240 3974 376 4026; x_wconf 67' lang='lat' dir='ltr'><strong>transitur,</strong></span> <span class='ocrx_word' id='word_1_235' title='bbox 392 3968 450 4016; x_wconf 82' lang='lat' dir='ltr'><strong>that</strong></span> <span class='ocrx_word' id='word_1_236' title='bbox 467 3967 596 4028; x_wconf 81' lang='lat' dir='ltr'><strong>ourionely</strong></span> <span class='ocrx_word' id='word_1_237' title='bbox 608 3967 726 4029; x_wconf 77' lang='lat' dir='ltr'><strong>nequent</strong></span> <span class='ocrx_word' id='word_1_238' title='bbox 742 3967 853 4017; x_wconf 86' lang='lat' dir='ltr'><strong>blunder</strong></span> <span class='ocrx_word' id='word_1_239' title='bbox 867 3970 895 4017; x_wconf 79' lang='lat' dir='ltr'><strong>ol</strong></span> <span class='ocrx_word' id='word_1_240' title='bbox 911 3971 970 4019; x_wconf 79' lang='lat' dir='ltr'><strong>AB:</strong></span> <span class='ocrx_word' id='word_1_241' title='bbox 988 3986 1031 4020; x_wconf 89' lang='grc'><strong>111</strong></span> <span class='ocrx_word' id='word_1_242' title='bbox 1046 3987 1073 4021; x_wconf 82' lang='lat' dir='ltr'><strong>rr</strong></span> <span class='ocrx_word' id='word_1_243' title='bbox 1088 3976 1144 4025; x_wconf 82' lang='grc'><strong>783.</strong></span> <span class='ocrx_word' id='word_1_244' title='bbox 1244 3977 1294 4027; x_wconf 80' lang='grc'><strong>239</strong></span> <span class='ocrx_word' id='word_1_245' title='bbox 1311 3980 1397 4027; x_wconf 78' lang='lat' dir='ltr'><strong>eodem</strong></span> 
     </span>
     <span class='ocr_line' id='line_1_37' title="bbox 239 4046 1395 4109; baseline 0.007 -9"><span class='ocrx_word' id='word_1_246' title='bbox 239 4054 317 4104; x_wconf 78' lang='grc'>11111111</span> <span class='ocrx_word' id='word_1_247' title='bbox 333 4050 386 4101; x_wconf 79' lang='lat' dir='ltr'><strong>Gir.</strong></span> <span class='ocrx_word' id='word_1_248' title='bbox 400 4046 495 4109; x_wconf 73' lang='lat' dir='ltr'><strong>rightly</strong></span> <span class='ocrx_word' id='word_1_249' title='bbox 504 4046 544 4095; x_wconf 79' lang='lat' dir='ltr'><strong>ror</strong></span> <span class='ocrx_word' id='word_1_250' title='bbox 558 4048 642 4095; x_wconf 71' lang='lat' dir='ltr'><strong>eadere</strong></span> <span class='ocrx_word' id='word_1_251' title='bbox 658 4051 745 4104; x_wconf 78' lang='grc'>11111111,</span> <span class='ocrx_word' id='word_1_252' title='bbox 757 4046 809 4095; x_wconf 86' lang='lat' dir='ltr'><strong>and</strong></span> <span class='ocrx_word' id='word_1_253' title='bbox 825 4047 911 4096; x_wconf 75' lang='lat' dir='ltr'><strong>before</strong></span> <span class='ocrx_word' id='word_1_254' title='bbox 920 4049 977 4098; x_wconf 86' lang='lat' dir='ltr'><strong>him</strong></span> <span class='ocrx_word' id='word_1_255' title='bbox 991 4050 1036 4100; x_wconf 81' lang='lat' dir='ltr'><strong>the</strong></span> <span class='ocrx_word' id='word_1_256' title='bbox 1051 4052 1124 4103; x_wconf 85' lang='lat' dir='ltr'><strong>Paris</strong></span> <span class='ocrx_word' id='word_1_257' title='bbox 1136 4054 1176 4103; x_wconf 88' lang='lat' dir='ltr'><strong>ed.</strong></span> <span class='ocrx_word' id='word_1_258' title='bbox 1189 4055 1216 4105; x_wconf 85' lang='lat' dir='ltr'><strong>ol</strong></span> <span class='ocrx_word' id='word_1_259' title='bbox 1232 4056 1306 4106; x_wconf 85' lang='lat' dir='ltr'><strong>Pius.</strong></span> <span class='ocrx_word' id='word_1_260' title='bbox 1342 4065 1395 4107; x_wconf 77' lang='lat' dir='ltr'><strong>tota</strong></span> 
     </span>
     <span class='ocr_line' id='line_1_38' title="bbox 239 4127 1395 4188; baseline 0.018 -20"><span class='ocrx_word' id='word_1_261' title='bbox 239 4134 323 4184; x_wconf 63' lang='lat' dir='ltr'><strong>eadem</strong></span> <span class='ocrx_word' id='word_1_262' title='bbox 336 4127 426 4179; x_wconf 60' lang='lat' dir='ltr'><strong>hamb,</strong></span> <span class='ocrx_word' id='word_1_263' title='bbox 525 4127 573 4173; x_wconf 79' lang='grc'><strong>241</strong></span> <span class='ocrx_word' id='word_1_264' title='bbox 589 4129 673 4175; x_wconf 77' lang='grc'>1111111</span> <span class='ocrx_word' id='word_1_265' title='bbox 689 4143 718 4175; x_wconf 84' lang='lat' dir='ltr'><strong>ac</strong></span> <span class='ocrx_word' id='word_1_266' title='bbox 731 4129 877 4176; x_wconf 77' lang='grc' dir='ltr'>11111εαὶ11111</span> <span class='ocrx_word' id='word_1_267' title='bbox 891 4128 972 4177; x_wconf 81' lang='lat' dir='ltr'><strong>Lcoh.</strong></span> <span class='ocrx_word' id='word_1_268' title='bbox 989 4131 1029 4179; x_wconf 82' lang='lat' dir='ltr'><strong>lor</strong></span> <span class='ocrx_word' id='word_1_269' title='bbox 1042 4136 1154 4182; x_wconf 75' lang='lat' dir='ltr'><strong>nativam</strong></span> <span class='ocrx_word' id='word_1_270' title='bbox 1168 4139 1329 4187; x_wconf 68' lang='lat' dir='ltr'><strong>mortalibus:</strong></span> <span class='ocrx_word' id='word_1_271' title='bbox 1347 4141 1395 4188; x_wconf 85' lang='lat' dir='ltr'><strong>not</strong></span> 
     </span>
     <span class='ocr_line' id='line_1_39' title="bbox 240 4207 1394 4277; baseline 0.005 -12"><span class='ocrx_word' id='word_1_272' title='bbox 240 4212 382 4277; x_wconf 80' lang='lat' dir='ltr'><strong>Naugerius</strong></span> <span class='ocrx_word' id='word_1_273' title='bbox 393 4208 450 4258; x_wconf 82' lang='lat' dir='ltr'><strong>who</strong></span> <span class='ocrx_word' id='word_1_274' title='bbox 466 4207 514 4257; x_wconf 85' lang='lat' dir='ltr'><strong>has</strong></span> <span class='ocrx_word' id='word_1_275' title='bbox 530 4210 616 4256; x_wconf 74' lang='lat' dir='ltr'><strong>nativo</strong></span> <span class='ocrx_word' id='word_1_276' title='bbox 633 4210 785 4256; x_wconf 63' lang='lat' dir='ltr'><strong>mortalium</strong></span> <span class='ocrx_word' id='word_1_277' title='bbox 818 4210 904 4255; x_wconf 77' lang='lat' dir='ltr'><strong>nativo</strong></span> <span class='ocrx_word' id='word_1_278' title='bbox 920 4216 944 4256; x_wconf 83' lang='grc'><strong>11</strong></span> <span class='ocrx_word' id='word_1_279' title='bbox 960 4213 1103 4261; x_wconf 67' lang='lat' dir='ltr'><strong>mortalium</strong></span> <span class='ocrx_word' id='word_1_280' title='bbox 1121 4214 1217 4266; x_wconf 79' lang='lat' dir='ltr'><strong>Arane.</strong></span> <span class='ocrx_word' id='word_1_281' title='bbox 1235 4217 1263 4266; x_wconf 89' lang='lat' dir='ltr'><strong>in</strong></span> <span class='ocrx_word' id='word_1_282' title='bbox 1278 4222 1394 4270; x_wconf 79' lang='lat' dir='ltr'><strong>notarat</strong></span> 
     </span>
     <span class='ocr_line' id='line_1_40' title="bbox 240 4288 1393 4353; baseline 0.018 -21"><span class='ocrx_word' id='word_1_283' title='bbox 240 4297 290 4350; x_wconf 58' lang='lat' dir='ltr'><strong>„nd</strong></span> <span class='ocrx_word' id='word_1_284' title='bbox 301 4296 328 4345; x_wconf 65' lang='grc' dir='ltr'><strong>ος</strong></span> <span class='ocrx_word' id='word_1_285' title='bbox 343 4294 385 4343; x_wconf 63' lang='lat' dir='ltr'><strong>his</strong></span> <span class='ocrx_word' id='word_1_286' title='bbox 400 4290 525 4347; x_wconf 75' lang='lat' dir='ltr'><strong>Catullus,</strong></span> <span class='ocrx_word' id='word_1_287' title='bbox 540 4288 591 4338; x_wconf 80' lang='lat' dir='ltr'><strong>und</strong></span> <span class='ocrx_word' id='word_1_288' title='bbox 602 4289 670 4351; x_wconf 78' lang='lat' dir='ltr'><strong>vulg.</strong></span> <span class='ocrx_word' id='word_1_289' title='bbox 704 4292 790 4338; x_wconf 77' lang='lat' dir='ltr'><strong>nativo</strong></span> <span class='ocrx_word' id='word_1_290' title='bbox 804 4290 832 4336; x_wconf 79' lang='lat' dir='ltr'><strong>in</strong></span> <span class='ocrx_word' id='word_1_291' title='bbox 846 4291 989 4338; x_wconf 76' lang='lat' dir='ltr'><strong>mortalibus</strong></span> <span class='ocrx_word' id='word_1_292' title='bbox 1004 4291 1069 4339; x_wconf 80' lang='lat' dir='ltr'><strong>Mar.</strong></span> <span class='ocrx_word' id='word_1_293' title='bbox 1169 4299 1217 4347; x_wconf 76' lang='grc'><strong>215</strong></span> <span class='ocrx_word' id='word_1_294' title='bbox 1234 4302 1294 4349; x_wconf 77' lang='lat' dir='ltr'><strong>item</strong></span> <span class='ocrx_word' id='word_1_295' title='bbox 1303 4302 1393 4353; x_wconf 83' lang='lat' dir='ltr'><strong>Bantl.</strong></span> 
     </span>
    </p>
   </div>
   <div class='ocr_carea' id='block_1_4' title="bbox 0 0 1554 4984">
    <p class='ocr_par' dir='ltr' id='par_1_4' title="bbox 0 0 1554 4984">
     <span class='ocr_line' id='line_1_41' title="bbox 0 0 1554 4984; baseline 0 0"><span class='ocrx_word' id='word_1_296' title='bbox 0 0 1554 4984; x_wconf 95' lang='lat' dir='ltr'><strong> </strong></span> 
     </span>
    </p>
   </div>
   <div class='ocr_carea' id='block_1_5' title="bbox 1018 4983 1525 4984">
    <p class='ocr_par' dir='ltr' id='par_1_5' title="bbox 1018 4983 1525 4984">
     <span class='ocr_line' id='line_1_42' title="bbox 1018 4983 1525 4984; baseline 0 0"><span class='ocrx_word' id='word_1_297' title='bbox 1018 4983 1525 4984; x_wconf 95' lang='lat' dir='ltr'><strong> </strong></span> 
     </span>
    </p>
   </div>
  </div>
 </body>
</html>
