3092 4984
198 406 236 462 at
260 396 416 483 quoniam
438 395 548 482 fragili
572 403 689 461 natura
713 397 863 481 praedita
885 406 1042 478 constant

198 500 362 586 discrepat
385 508 559 565 aeternum
582 507 713 584 tempus
735 499 879 585 potuisse
905 522 1036 567 munere

199 605 494 670 innumerabilibus
517 603 621 689 plagis
646 611 766 668 vexata
788 626 847 690 per
870 626 993 671 aevom.

200 708 342 794 denique
369 709 436 771 iam
461 706 617 792 quoniam
639 708 821 793 generatim
845 709 974 774 reddita
998 710 1071 776 finis

200 813 364 878 crescendi
388 814 485 877 rebus
509 820 636 877 constat
659 812 827 899 vitamque
851 815 992 893 tenendi,
1213 823 1272 902 585

200 914 340 1000 etquid
366 936 516 1000 quaeque
540 922 663 998 queant
688 936 746 998 per
770 914 899 979 soedem
921 917 1058 995 naturai,

200 1017 280 1103 quid
304 1040 400 1103 porro
423 1023 600 1102 nequeant,
626 1015 788 1080 sancitum
812 1017 1074 1103 quandoquidem
1096 1031 1195 1103 extat

200 1145 262 1187 nec
287 1130 510 1186 commutatur
531 1120 715 1206 quicquam,
738 1120 819 1206 quin
842 1123 952 1187 omnia
973 1134 1123 1192 constant

200 1247 306 1310 usque
332 1225 422 1301 adeo,
446 1223 555 1287 variae
578 1223 722 1287 volucres
746 1233 785 1287 ut
810 1223 845 1287 in
869 1224 982 1291 ordine
1001 1238 1136 1295 cunctae

201 1330 381 1395 ostendant
404 1328 548 1393 maculas
576 1328 737 1413 generalis
759 1350 889 1414 corpore
912 1330 1025 1409 inesse,
1214 1354 1277 1419 590
1384 1387 1391 1397 .

199 1434 399 1500 inmutabili
423 1433 581 1499 materiae
606 1455 734 1519 quoque
758 1455 873 1519 oospus
898 1435 1017 1502 habere

200 1538 326 1602 debent
349 1536 513 1600 nimirum
544 1557 622 1598 unm
648 1535 676 1599 si
699 1534 874 1620 primordia
896 1559 1004 1603 rerum

199 1641 396 1707 eommutari
419 1639 531 1725 aliqua
552 1639 676 1725 possint
698 1640 823 1705 ratione
846 1642 975 1720 revicta,

200 1747 365 1811 insertum
387 1765 517 1829 quoque
541 1743 607 1808 iam
629 1751 755 1808 constet
777 1744 857 1829 quid
880 1746 982 1830 possit
1006 1747 1091 1825 oriri,

200 1848 281 1935 quid
305 1854 457 1932 nequeat,
481 1846 577 1912 finito
597 1854 741 1932 potestas
766 1846 908 1932 denique
932 1849 1049 1933 cuique
1215 1866 1275 1937 595

201 1973 347 2038 quanam
371 1950 414 2015 sit
437 1949 563 2033 ratione
585 1958 686 2035 atque
709 1949 777 2015 ulte
800 1951 961 2014 terminus
983 1952 1129 2031 haerens,

201 2077 263 2119 nec
286 2053 410 2118 totiens
432 2053 556 2138 possint
579 2050 761 2138 generatim
785 2051 892 2116 saecla
912 2053 1031 2118 referre

201 2166 357 2222 naturam
379 2177 485 2220 mores
507 2155 632 2220 vietum
653 2163 827 2240 motusque
848 2164 1030 2240 parentum.

245 2260 333 2324 Tum
356 2279 450 2343 porro
476 2257 631 2343 quoniam
654 2265 705 2322 est
729 2265 914 2322 extremum
938 2258 1088 2345 qnodque
1111 2283 1263 2326 cacumen

200 2363 344 2448 eorporis
365 2362 453 2425 illius
475 2360 562 2447 quod
584 2360 686 2425 nostn'
707 2382 838 2426 cernere
861 2383 972 2427 sensus
1214 2366 1279 2432 600

199 2468 269 2532 iam
292 2474 470 2551 nequeunt,
494 2463 529 2528 id
552 2464 707 2529 nimirum
729 2464 800 2531 sine
822 2467 967 2550 partibus
990 2475 1081 2533 extat

199 2578 238 2634 et
261 2568 398 2632 minima
420 2575 547 2632 constat
570 2575 688 2631 natura
710 2589 770 2633 nec
793 2567 857 2634 fuit
880 2591 1035 2654 umquam

199 2694 262 2758 per
285 2693 320 2735 se
343 2680 505 2736 secretum
528 2691 634 2755 neque
657 2669 792 2754 posthae
816 2692 884 2736 esse
908 2671 1035 2749 valebit,

200 2776 338 2841 alterius
361 2775 548 2860 quoniamst
571 2774 679 2859 ipsum
702 2796 785 2859 pars,
808 2775 977 2861 primaque
1001 2784 1036 2841 et
1058 2799 1126 2843 una

199 2881 279 2946 inde
302 2879 386 2945 aliae
410 2887 509 2965 atque
532 2879 616 2944 aliae
648 2879 769 2944 similes
793 2902 834 2945 ex
856 2880 968 2946 ordine
991 2890 1100 2966 partes
1213 2883 1274 2964 605

200 2982 335 3068 agmine
358 2980 518 3046 condenso
541 2990 693 3046 naturam
716 2983 856 3068 eorporis
880 2982 1020 3067 explent,

111 3231 220 3292 eaque:
236 3241 325 3291 oomp.
342 3229 401 3279 599.
498 3229 547 3279 685
564 3230 686 3279 tremendi
697 3228 757 3279 Ver.
769 3228 836 3279 Van.
851 3227 893 3278 for
906 3227 1052 3277 amman.
1149 3228 1199 3278 668
1215 3243 1277 3278 eost·

112 3320 227 3363 mu
241 3311 266 3360 Β
282 3310 492 3361 summantur
509 3314 653 3362 comitatur.
702 3319 824 3363 corutum.
845 3317 956 3361 oemunt
974 3307 1055 3358 Lsoln
1175 3310 1224 3360 561
1239 3311 1278 3359 tn-

112 3396 240 3445 unns?
259 3393 343 3445 Lsoh.
360 3395 419 3444 first
434 3396 476 3445 tor
490 3396 661 3445 imaum.
695 3395 843 3444 immeabile
860 3393 931 3442 Flor.
943 3392 975 3442 31
992 3391 1062 3441 Flor.
1074 3392 1107 3440 60
1123 3405 1187 3441 sorr.
1204 3392 1279 3454 vulgo

112 3478 247 3542 thummy.
348 3479 397 3529 696
408 3477 461 3528 and
472 3479 521 3529 59?
533 3479 631 3541 possint
644 3476 695 3527 Ed.
711 3478 752 3526 lor
763 3484 874 3539 possam
890 3473 976 3525 which
986 3481 1079 3525 constet
1088 3473 1118 3522 in
1129 3473 1178 3524 594
1189 3487 1279 3536 proves

111 3559 347 3621 tobsneossmy:
366 3558 701 3610 sesaotnndnotethars:
717 3556 1277 3622 hsretoopooeiateasilybssomesponeut,

111 3640 214 3705 though
224 3648 320 3691 eoam
331 3638 393 3690 does
403 3642 450 3689 not
461 3654 522 3703 psss
533 3639 590 3689 into
600 3648 725 3691 temtaret
736 3654 766 3691 so
777 3639 883 3702 resdily.

161 3723 310 3775 699—684:
332 3721 388 3771 this
404 3737 512 3785 μειερ
528 3722 612 3773 which
628 3723 652 3773 is
668 3723 787 3782 difflant,
803 3722 851 3773 but
866 3724 913 3772 not
929 3724 1041 3786 corrupt,
1057 3721 1106 3773 bns
1121 3721 1188 3773 been
1205 3721 1277 3786 sully

112 3804 254 3856 munus
271 3804 306 3868 by
322 3804 358 3854 all
375 3803 472 3855 editors
487 3805 556 3855 bom
572 3806 717 3857 Lambinus
734 3808 763 3857 to
782 3805 935 3856 Lachmann
954 3805 1005 3856 and
1024 3806 1149 3869 Bsrnsyn,
1165 3804 1223 3855 who
1242 3806 1277 3856 sll

112 3889 142 3938 in
153 3889 276 3939 differant
286 3903 356 3951 ιαμ
366 3889 435 3938 tome
446 3904 481 3939 on
492 3888 629 3938 Lueretius
640 3904 657 3939 a
667 3888 814 3939 suooossion
825 3889 853 3937 ol
863 3887 957 3938 absurd
968 3886 1020 3937 and
1030 3886 1278 3950 selleontmdiotory

113 3972 266 4022 mutiens.
300 3973 407 4021 Ψατυπι
425 3971 466 4020 lor
485 3972 588 4020 illorum
606 3969 635 4019 in
653 3970 701 4019 611
720 3968 744 4019 is
763 3969 810 4019 tho
828 3969 882 4019 sols
898 3967 1105 4031 nbnngslbsvs
1124 3967 1208 4027 mado,
1228 3970 1278 4016 tvo

112 4050 506 4114 orthrseslightnudobvious
520 4048 809 4110 errorsolABhnving
824 4048 889 4099 been
904 4046 1276 4098 sonaotedinthelstsrmss.

112 4152 143 4187 nr
160 4135 235 4186 otior
254 4134 381 4185 editions:
398 4136 448 4185 599
467 4134 508 4185 tor
524 4135 643 4198 quonium
659 4131 739 4182 Isuoh.
760 4133 890 4195 quianam,
907 4129 986 4180 Bern.
1007 4131 1072 4192 wod
1088 4131 1153 4178 inm:
1173 4128 1222 4177 660
1238 4128 1278 4176 lor

110 4221 187 4269 tutus
196 4216 279 4268 Lsoln
291 4217 344 4269 und
355 4218 435 4269 Bam.
451 4219 541 4268 ultius.
557 4216 650 4266 humb.
662 4218 781 4281 quoniam
790 4220 841 4264 ext.
853 4215 988 4278 quoium
999 4226 1022 4262 c.
1035 4212 1093 4262 Gor.
1109 4219 1146 4260 m
1161 4211 1276 4273 aliptes:

112 4302 160 4353 611
177 4299 260 4350 Lucis
276 4302 386 4351 ullorum
401 4300 470 4351 niter
487 4298 568 4349 Alal
585 4298 659 4348 Junt.
678 4296 771 4348 Lamb.
790 4299 852 4347 sto:
870 4296 918 4347 616
932 4295 985 4345 and
1001 4295 1048 4344 661
1059 4293 1151 4344 lamb.
1163 4292 1280 4342 followed
