3092 4984
676 274 730 339 III

210 435 416 502 inmortalem
439 432 585 498 animam
606 439 734 497 mutato
755 454 886 517 corpore
909 432 1003 498 flecti.

210 538 297 623 quod
318 544 467 602 mutatur
489 535 577 600 enim
600 534 794 611 dissolvitur,
818 535 933 599 interit
955 557 1030 621 ergo
1041 561 1050 616 ;

210 643 406 708 traiciuntur
427 641 516 707 enim
538 650 647 726 partes
669 648 768 725 atque
791 640 903 706 ordine
925 641 1086 726 migrant3

211 771 310 834 quare
333 748 466 813 dissolui
488 768 617 832 quoque
639 746 760 811 debent
777 768 870 831 posse
891 768 950 831 per
970 755 1068 823 artus,

211 851 350 936 denique
373 861 411 916 ut
434 851 598 914 intereant
620 871 686 912 una
707 870 781 912 cum
804 870 935 933 corpore
958 858 1101 915 cunctae.

211 954 261 1017 ain
283 955 408 1017 animos
429 952 600 1017 hominum
622 951 731 1015 dicent
752 951 787 1014 in
810 973 943 1036 corpora
964 973 1091 1037 semper

212 1058 258 1123 ire
280 1060 433 1133 humana,
455 1067 567 1122 tamen
589 1079 742 1141 quaeram
764 1078 823 1121 cur
844 1079 862 1120 e
883 1057 1022 1141 sapienti

213 1163 314 1227 stulta
336 1169 435 1247 queat
456 1160 536 1237 fieri,
559 1182 620 1224 nec
641 1159 783 1244 prudens
806 1159 848 1223 ait
870 1182 952 1244 puer
973 1159 1059 1223 ullus

214 1288 271 1330 nec
293 1276 364 1330 tam
386 1264 499 1328 doctus
522 1286 624 1349 equae
646 1264 755 1349 pullus
778 1286 875 1349 quam
899 1264 990 1327 fortis
1012 1264 1088 1349 equi
1110 1265 1165 1329 vis

215 1369 335 1433 seilicet
357 1368 392 1431 in
413 1377 526 1432 tenero
548 1377 748 1431 tenerascere
770 1387 901 1451 corpore
923 1377 1067 1431 mentem
1217 1370 1277 1451 765

216 1472 408 1556 confugient
431 1471 517 1556 quod
540 1471 567 1534 si
589 1471 655 1534 iam
677 1470 724 1549 fit,
747 1471 868 1535 fateare
891 1482 1050 1536 necessest

214 1574 382 1638 mortalem
404 1596 472 1637 esse
494 1573 646 1648 animam
669 1573 823 1658 quoniam
845 1583 974 1638 mutata
995 1596 1052 1658 per
1073 1584 1163 1641 artus

216 1685 307 1741 tanto
329 1698 423 1762 opere
445 1676 569 1741 amittit
591 1677 693 1740 vitam
715 1699 909 1763 sensumque
931 1678 1077 1764 priorem

216 1803 318 1866 quove
340 1782 434 1847 modo
456 1782 577 1867 poterit
596 1782 717 1867 pariter
738 1804 813 1847 cum
835 1805 965 1868 corpore
988 1806 1115 1869 quoque

217 1885 402 1948 confirmata
423 1885 571 1969 cupitum
593 1885 709 1950 aetatis
731 1892 866 1971 tangere
889 1886 1001 1951 florem
1219 1904 1282 1969 770

216 1990 263 2054 vis
284 1990 394 2065 animi,
417 1989 480 2054 nisi
504 1989 565 2054 erit
588 2011 714 2054 consors
737 1989 771 2053 in
795 1989 918 2074 origine
940 1990 1067 2075 primal

218 2094 333 2178 quidve
355 2095 438 2159 foras
460 2094 522 2159 sibi
543 2094 615 2158 vult
636 2094 791 2159 membris
813 2094 902 2159 exire
924 2095 1084 2159 senectisl

217 2221 258 2263 an
279 2198 397 2264 metuit
419 2199 568 2264 conclusa
589 2221 721 2264 manere
743 2199 778 2263 iu
801 2220 931 2284 corpore
953 2198 1043 2284 putri

217 2314 250 2369 et
271 2304 383 2369 domus
404 2305 520 2369 aetatis
543 2305 647 2390 spatio
669 2327 711 2370 ne
733 2305 818 2369 fessa
838 2313 967 2369 vetusto

219 2410 353 2476 obruat?
379 2419 414 2475 at
436 2432 500 2474 non
523 2418 598 2474 sunt
621 2409 796 2473 immortali
818 2409 885 2473 ulla
906 2407 1033 2494 pericla
1216 2422 1276 2492 775

259 2513 408 2599 Denique
429 2513 567 2577 conubia
588 2512 629 2577 ad
652 2511 788 2577 Veneris
810 2522 986 2597 partusque
1009 2512 1147 2577 serarum

217 2639 284 2683 ease
306 2618 429 2681 animas
450 2628 577 2703 praesto
600 2616 815 2682 deridiculum
837 2640 905 2682 esse
927 2617 1064 2695 videtur,

217 2729 384 2805 expectare
406 2719 596 2784 immortalis
618 2720 768 2784 mortalia
789 2721 935 2784 membra

216 2823 384 2889 innumero
404 2847 538 2890 numero
561 2834 747 2911 certareque
769 2834 1053 2912 praeproperanter

216 2928 303 2991 inter
321 2950 355 2993 se
378 2950 460 3013 quoe
482 2928 587 3013 prima
608 2928 840 3014 potissimaque
862 2929 1063 3009 insinuetur3
1215 2932 1279 3012 780

217 3029 243 3093 si
265 3051 327 3093 non
350 3030 432 3095 forte
453 3030 500 3096 ita
520 3040 597 3096 sunt
619 3030 801 3096 animarum
823 3031 952 3097 foedera
970 3039 1065 3117 pacta

216 3140 255 3197 ut
277 3155 357 3217 quae
379 3133 485 3218 prima
505 3133 616 3198 volans
638 3134 806 3199 advenerit
829 3134 1012 3199 insinuetur

214 3234 318 3320 prima
339 3257 444 3321 neque
466 3235 551 3301 inter
572 3258 606 3301 se
626 3235 824 3301 contendant
846 3237 967 3301 viribus
988 3236 1100 3302 hilum.

260 3339 407 3425 Denique
428 3340 463 3404 in
485 3342 615 3406 aethere
638 3364 703 3406 non
725 3341 826 3419 arbor,
850 3365 914 3407 non
936 3365 1074 3428 aequore
1096 3342 1131 3407 in
1154 3342 1220 3407 alto

217 3443 321 3507 nubes
341 3467 407 3510 esse
429 3454 554 3530 queunt
574 3467 634 3510 nec
655 3445 758 3531 pisces
780 3446 887 3510 vivere
909 3447 944 3510 in
966 3446 1050 3510 arvis
1215 3448 1275 3528 785

217 3569 278 3611 nec
300 3570 388 3614 cruor
409 3550 442 3614 in
464 3550 560 3636 lignis
581 3573 688 3636 neque
712 3550 798 3615 saxis
820 3573 914 3617 sucus
936 3552 1047 3617 inesse.

216 3660 342 3715 certum
361 3674 399 3717 ac
420 3653 641 3739 dispositumst
663 3654 719 3718 ubi
742 3654 888 3740 quicquit
910 3662 1030 3743 crescat
1052 3663 1086 3719 et
1108 3652 1193 3718 insit.

219 3751 264 3816 sic
286 3753 383 3818 animi
404 3764 520 3821 natura
541 3756 656 3841 nequit
678 3756 746 3822 sine
768 3779 898 3843 corpore
920 3756 996 3823 oriri

136 3926 225 3978 hub.
243 3928 300 3979 also
317 3926 361 3981 hnc
380 3939 444 3982 tcto:
461 3932 593 3997 authority
606 3932 630 3983 ia
645 3933 739 3998 clearly
749 3934 789 3985 lor
804 3939 910 4000 quoque.
1010 3936 1057 3988 760
1073 3939 1113 3987 rin
1126 3936 1202 3987 Pont.
1214 3937 1281 3988 Mar.

137 4008 216 4059 Aldl
237 4010 314 4060 Jnnt.
325 4011 360 4062 lor
369 4016 414 4063 rie.
441 4030 542 4078 corpora
552 4015 646 4066 Bccrr.
658 4018 705 4067 etc.
717 4018 758 4066 lor
768 4032 876 4080 corpore.
966 4016 1106 4070 ros=7462
1125 4019 1152 4068 ol
1162 4033 1280 4069 couraea

138 4094 211 4157 gion,
222 4094 287 4144 with
302 4108 336 4144 no
348 4098 487 4148 connexion
496 4099 559 4149 with
573 4098 618 4150 the
633 4103 696 4150 tert.
722 4101 802 4150 Bern.
818 4099 935 4150 includes
949 4098 996 4150 764
1008 4098 1036 4148 in
1049 4100 1094 4151 the
1105 4101 1182 4163 glosa
1194 4100 1222 4150 in
1233 4115 1279 4163 my

137 4175 300 4238 opinionnct
311 4174 410 4241 rightly.
504 4180 552 4233 764
564 4181 733 4243 pallanteo.
751 4183 792 4231 lor
805 4184 907 4244 molus.
1007 4182 1054 4231 784
1070 4185 1099 4233 in
1115 4185 1178 4232 olto.
1211 4184 1278 4232 salso

138 4257 214 4308 men,
232 4257 342 4308 bacam
358 4262 421 4311 nno
438 4261 461 4311 is
478 4262 557 4314 lound
574 4263 602 4314 in
620 4264 664 4316 the
680 4265 819 4329 repetition
836 4266 864 4315 cl
881 4264 936 4314 thia
955 4277 1062 4328 passage
1078 4279 1095 4315 v
1109 4265 1170 4315 128:
1186 4264 1234 4314 but
1249 4276 1278 4311 aa

139 4339 426 4392 numennumen
440 4341 467 4393 in
482 4344 651 4409 snchpointa,
665 4347 785 4399 Iconnot
799 4344 875 4409 bring
890 4344 985 4410 mysell
1000 4348 1027 4396 tc
1042 4345 1133 4409 depart
1149 4345 1216 4396 from
1232 4342 1278 4394 the
