3092 4984
789 308 838 375 IV

326 463 461 553 proinde
483 460 586 527 animi
607 458 811 526 vitiumhoc
833 459 934 525 oculis
955 459 1120 546 adfingere
1142 462 1218 528 noli.

327 589 393 654 qua
414 565 565 631 vehimur
586 561 671 640 navi,
694 560 806 641 fertur,
829 584 904 627 cum
926 570 1012 627 stare
1034 563 1184 644 videtur;

328 692 412 758 quae
434 676 546 734 manet
568 667 603 731 in
625 665 776 742 statione,
800 687 839 730 ea
860 672 990 751 praeter
1011 665 1155 732 creditur
1177 668 1232 733 ire.

329 783 364 840 et
385 775 495 860 fugere
516 772 559 838 ad
581 771 718 857 puppim
740 769 837 834 colles
859 770 1029 856 campique
1051 771 1204 836 videntur

331 900 412 964 quos
433 876 560 961 agimus
581 880 710 959 praeter
732 893 850 936 navem
872 871 1017 957 velisque
1039 874 1193 938 volamus
1338 890 1403 956 390

332 980 439 1047 sidera
460 1000 582 1045 cessare
604 976 757 1042 aetheriis
780 976 888 1040 adfixa
909 977 1053 1041 cavernis

332 1094 450 1151 cuncta
468 1083 629 1160 videntur,
653 1090 689 1146 et
709 1081 845 1146 adsiduo
866 1089 944 1144 sunt
966 1081 1076 1145 omnia
1097 1090 1198 1162 motu,

333 1183 594 1273 quandoquidem
616 1184 727 1269 longos
753 1184 861 1247 obitus
883 1191 995 1247 exorta
1016 1183 1169 1261 revisunt,

335 1311 409 1354 cum
431 1308 602 1373 permensa
623 1308 681 1351 suo
703 1293 782 1349 sunt
804 1285 930 1349 caelum
953 1307 1083 1371 empore
1105 1286 1198 1351 claro.

334 1391 445 1476 solque
466 1388 538 1475 pari
556 1388 682 1453 ratione
704 1408 836 1452 manere
860 1396 894 1452 et
916 1387 994 1451 luna
1016 1387 1168 1453 videntur
1339 1399 1399 1470 395

334 1495 369 1560 in
391 1495 539 1572 statione,
562 1515 705 1578 eaquae
727 1493 804 1557 ferri
824 1514 876 1557 res
898 1492 1019 1557 indicat
1040 1493 1118 1578 ipsa

336 1601 559 1684 exstantisque
580 1597 692 1684 procul
713 1597 821 1662 medio
844 1596 884 1662 de
905 1598 1034 1683 gurgite
1056 1598 1175 1663 montis

337 1701 490 1766 classibus
512 1701 597 1765 inter
619 1721 700 1786 quos
721 1699 804 1764 liber
825 1707 918 1785 patet
940 1700 1047 1765 exitus
1069 1701 1193 1787 ingens,

337 1806 443 1871 insula
465 1805 645 1891 conjunctis
666 1812 779 1869 tamen
800 1826 840 1869 ex
862 1804 913 1869 his
934 1827 1001 1870 una
1021 1805 1158 1872 videtur.

238 1944 284 1956 υ
338 1908 423 1972 atria
442 1908 564 1973 versari
585 1916 620 1973 et
642 1907 892 1972 circumcursare
913 1907 1082 1973 columnae
1341 1921 1409 1985 400

338 2035 442 2099 usque
464 2012 544 2078 adeo
566 2013 606 2077 fit
626 2012 677 2077 uti
698 2012 809 2098 pueris
830 2011 1011 2088 rideantur,
1035 2012 1092 2077 ubi
1114 2012 1176 2098 ipsi

340 2114 507 2204 desierunt
528 2114 621 2192 verti,
644 2114 700 2178 vix
722 2121 761 2177 ut
786 2112 852 2176 iam
874 2112 1003 2178 credere
1025 2114 1149 2199 possint

343 2240 409 2283 non
429 2240 527 2305 supra
549 2239 618 2281 sese
641 2238 735 2282 ruere
760 2217 871 2281 omnia
896 2226 985 2282 tecta
1006 2219 1134 2285 minari

340 2322 470 2407 iamque
492 2321 626 2385 rubrum
649 2320 799 2384 tremulis
821 2319 914 2383 iubar
937 2319 1067 2403 ignibus
1089 2320 1211 2406 erigere
1233 2321 1300 2386 alte

339 2447 414 2490 cum
437 2433 565 2509 coeptat
588 2431 707 2487 natura
729 2444 890 2508 supraque
912 2422 1066 2488 extollere
1090 2432 1224 2504 montes,
1343 2437 1405 2506 405

341 2548 422 2612 quos
445 2525 507 2589 tibi
530 2534 603 2588 tum
626 2546 724 2609 supra
747 2523 795 2588 sol
817 2524 937 2588 montis
961 2545 1031 2589 esse
1054 2524 1185 2592 ridetur

341 2631 520 2699 comminus
543 2631 612 2717 ipse
634 2653 693 2696 suo
717 2631 909 2715 contingens
932 2630 1075 2697 fervidus
1099 2632 1176 2717 igni,

342 2737 397 2801 rix
420 2736 539 2801 absunt
559 2736 652 2801 nobis
676 2736 792 2801 missus
815 2735 867 2800 bis
889 2735 979 2801 mille
1003 2736 1150 2822 sagittae,

343 2838 400 2903 vix
422 2837 523 2903 etiam
547 2860 658 2904 cursus
682 2840 877 2925 quingentos
900 2862 995 2926 saepe
1019 2841 1145 2907 veruti:

344 2943 430 3008 inter
453 2964 507 3008 eos
530 2943 693 3028 solemque
717 2945 825 3009 iacent
849 2944 1006 3009 immania
1025 2945 1119 3031 ponti

345 3069 486 3134 aequora
508 3049 671 3114 substrata
693 3049 846 3114 aetheriis
869 3048 1056 3134 ingentibus
1080 3049 1152 3127 oris,

346 3153 579 3239 interiectaque
601 3164 678 3220 sunt
698 3161 858 3219 terrarum
883 3153 975 3219 milia
997 3154 1102 3219 multa

348 3280 431 3344 quae
455 3257 563 3322 variae
584 3257 729 3323 retinent
751 3266 866 3343 gentes
892 3265 927 3322 et
950 3255 1055 3322 saecla
1076 3257 1224 3322 ferarum

348 3368 384 3425 at
408 3359 571 3424 conlectus
595 3381 699 3444 aquae
723 3359 864 3444 digitum
888 3380 954 3423 non
977 3357 1074 3422 altior
1096 3380 1208 3436 unum,

349 3464 407 3550 qui
429 3463 552 3550 lapides
575 3464 663 3529 inter
685 3464 772 3529 sistit
794 3486 853 3549 per
876 3470 978 3527 strata
1000 3463 1135 3540 marum,
1349 3474 1412 3544 415

349 3568 538 3654 despectum
560 3570 695 3654 praehet
719 3570 781 3635 sub
803 3578 906 3634 terras
929 3569 1039 3654 inpete
1061 3573 1161 3645 tanto,

350 3692 371 3734 a
393 3669 488 3735 terris
511 3678 672 3755 quantum
696 3671 777 3735 caeli
800 3680 892 3757 patet
916 3670 1002 3735 altus
1025 3671 1151 3749 hiatus;

349 3771 463 3836 nubila
485 3770 640 3856 dispicere
665 3780 698 3838 et
722 3774 847 3838 caelum
871 3781 910 3837 ut
933 3772 1062 3837 videare
1086 3771 1204 3849 videre,

261 3945 386 4001 ariolent
400 3944 506 4008 change.
605 3950 653 3999 378
670 3950 753 3998 attuit
768 3948 827 3999 Ver.
839 3949 905 4000 Van.
917 3949 982 3999 Mar.
995 3950 1035 4000 lor
1045 3952 1138 4000 adluit.
1235 3950 1284 4002 395
1300 3952 1419 4003 videatur

261 4029 343 4081 bach.
355 4030 396 4078 lor
405 4029 512 4087 videtur,
524 4036 553 4077 ts
564 4029 631 4091 plur.
644 4044 674 4078 ea
685 4030 793 4080 follows.
891 4031 924 4080 In
936 4031 1013 4081 small
1024 4032 1064 4082 od.
1076 4033 1090 4081 I
1101 4030 1212 4095 thought
1223 4032 1281 4084 that
1292 4034 1358 4084 atur
1369 4036 1418 4088 897

262 4123 362 4162 averse
373 4122 424 4157 was
434 4107 486 4156 lost
497 4106 524 4156 cl
533 4106 587 4156 this
598 4109 700 4165 nature,
711 4110 810 4158 Fallere
821 4125 894 4172 saepe
906 4114 1016 4160 animam
1027 4115 1107 4162 simili
1119 4116 1217 4163 ratione
1229 4116 1353 4174 videam
1370 4115 1418 4165 but

263 4208 307 4245 aas
325 4193 400 4243 notos
411 4193 435 4240 2.
469 4188 549 4239 naen.
567 4190 643 4240 reads
661 4193 773 4241 Exstant
792 4207 869 4253 eaque
889 4193 929 4242 lor
945 4195 1136 4257 Exstantisque.
1235 4196 1284 4245 406
1302 4197 1350 4245 uti
1367 4204 1419 4247 tam

263 4277 373 4339 Nauger.
385 4273 442 4323 first
453 4271 492 4322 lor
502 4273 545 4321 ahi
557 4279 617 4322 tum.
714 4273 763 4322 414
781 4277 906 4324 coaleetra
916 4275 1009 4325 Lamb.
1021 4277 1061 4326 lor
1071 4280 1210 4327 rochetta:
1228 4291 1271 4328 see
1282 4279 1384 4329 111198.

297 4360 347 4410 418
362 4355 443 4406 Ahss
454 4354 573 4418 properly
583 4362 611 4404 at
622 4354 708 4405 belore
719 4357 834 4406 videare:
846 4356 894 4408 419
907 4358 1017 4421 Corpora
1028 4358 1056 4408 ol
1065 4359 1110 4408 AB
1122 4358 1170 4409 has
1181 4374 1216 4410 no
1227 4374 1316 4410 sense:
1328 4360 1420 4412 Ihare
