3092 4984
702 325 752 391 IV
1249 334 1309 413 173

236 477 409 548 suavidicis
434 478 666 566 potiusquam
688 477 803 544 multis
825 478 971 545 versibus
996 479 1112 561 edam;
1250 485 1312 549 180

236 607 355 671 parvus
380 592 419 649 ut
442 592 493 648 est
516 583 609 668 cycni
633 582 748 646 melior
771 604 876 659 canor,
904 583 959 648 ille
981 606 1100 669 gruum
1125 607 1225 670 quam

236 689 355 753 clamor
378 688 414 751 in
439 685 591 751 aetheriis
615 684 778 770 dispersus
804 685 946 750 nubibus
970 688 1079 753 austri

236 791 394 877 principio
417 811 571 876 persaepe
595 789 675 853 levis
700 810 752 854 res
776 797 876 873 atque
900 789 1037 855 minutis

238 895 422 981 corporibus
448 894 548 959 factas
573 893 685 958 celeris
708 894 785 959 licet
812 916 881 958 esse
907 894 1025 960 videre.

238 996 273 1061 in
296 1018 361 1081 quo
386 997 452 1060 iam
475 1017 594 1082 genere
617 1004 667 1061 est
691 996 766 1060 solis
791 996 848 1061 lux
871 1005 906 1061 et
928 1019 1029 1083 vapor
1050 997 1120 1064 eius
1250 1002 1307 1082 185

237 1109 409 1186 propterea
433 1099 512 1184 quia
535 1107 613 1163 sunt
639 1121 657 1163 e
684 1099 798 1185 primis
821 1099 907 1165 facta
930 1101 1066 1167 minutis

239 1226 323 1289 quae
347 1204 440 1289 quusi
463 1203 627 1268 cuduntur
649 1225 771 1289 perque
795 1205 879 1269 aeris
902 1204 1109 1271 intervallum

239 1325 304 1368 non
328 1301 483 1367 dubitant
508 1302 646 1366 transire
670 1302 821 1387 sequenti
844 1303 970 1368 concita
991 1303 1096 1389 plaga

239 1405 466 1492 suppeditatur
488 1405 577 1470 enim
604 1405 773 1471 confestim
796 1405 920 1471 lumine
947 1406 1058 1472 lumen

240 1519 275 1576 ct
297 1511 390 1595 quasi
413 1510 538 1596 protelo
561 1508 750 1575 stimulatur
772 1510 896 1595 fulgere
920 1510 1036 1596 fulgur.
1252 1532 1313 1598 190

241 1625 437 1703 quapropter
460 1615 632 1681 simulama
654 1615 726 1701 peri
749 1616 874 1680 ratione
900 1638 1030 1681 necesse
1054 1625 1104 1682 est

241 1719 487 1784 inmemorabile
509 1740 569 1804 per
591 1717 735 1803 spatium
759 1725 976 1783 transcurrere
999 1741 1093 1804 posse

241 1817 396 1903 temporis
419 1818 455 1881 in
478 1825 609 1902 puncto,
633 1816 778 1901 primum
802 1815 889 1902 quod
913 1817 1044 1902 parvola
1067 1840 1164 1883 causa

241 1930 291 1985 est
313 1920 422 2006 procul
447 1941 468 1984 a
491 1928 583 2005 tergo
607 1940 691 2004 quae
716 1918 876 2004 provehat
897 1927 997 2003 atque
1022 1920 1191 2004 propellat,

160 2026 221 2110 196
243 2024 359 2088 deinde
382 2023 468 2108 quod
492 2044 596 2107 usque
623 2022 704 2086 adeo
727 2029 859 2086 textura
881 2021 1030 2106 praedita
1053 2045 1125 2086 rara
1253 2034 1309 2105 195

242 2126 427 2206 mittuntur,
451 2125 544 2190 facile
567 2133 605 2189 ut
629 2125 759 2210 quasvis
782 2133 953 2210 penetrare
979 2133 1102 2210 queant
1128 2147 1179 2190 res

243 2240 277 2296 et
300 2230 392 2316 quasi
415 2251 607 2315 permanare
631 2252 691 2315 per
713 2229 795 2294 aeris
821 2228 1037 2294 intervallum

245 2343 411 2420 praeterea
433 2333 469 2410 si,
494 2355 577 2418 quae
600 2333 733 2419 penitus
758 2333 947 2418 corpuscula
969 2355 1079 2398 rerum

158 2454 224 2503 200
245 2459 285 2502 ex
309 2438 440 2523 altoque
463 2437 547 2502 foras
570 2438 757 2515 mittuntur,
780 2437 854 2502 solis
876 2437 926 2502 uti
949 2437 1006 2502 lux

244 2562 282 2605 ac
305 2562 414 2625 vapor,
437 2539 517 2604 haec
542 2547 664 2626 puncto
691 2548 868 2604 cernuntur
891 2540 982 2626 lapsa
1008 2539 1077 2606 diei
1250 2557 1315 2607 200

243 2665 302 2730 per
324 2652 432 2709 totum
455 2643 535 2708 caeli
559 2642 702 2729 spatium
726 2640 908 2708 diffundere
931 2665 1000 2708 sese

244 2770 365 2834 perque
390 2747 499 2812 volare
523 2768 612 2812 mare
637 2770 675 2812 ae
700 2754 803 2812 terras
824 2748 1014 2833 caelumque
1035 2748 1148 2834 rigare,

245 2853 323 2938 quid
346 2875 430 2938 quae
456 2862 533 2918 sunt
557 2852 659 2938 igitur
684 2854 750 2918 iam
773 2853 879 2938 prima
904 2853 1009 2918 fronte
1032 2862 1154 2939 parate,

160 2971 220 3036 205
246 2977 320 3020 cum
343 2954 508 3020 iaciuntur
533 2964 568 3019 et
593 2956 748 3019 emissum
772 2977 823 3019 res
849 2955 939 3019 nulla
965 2965 1116 3032 moratur,

162 3076 219 3144 195
245 3060 332 3147 quod
356 3068 510 3145 superest,
537 3060 594 3124 ubi
618 3069 687 3124 tam
711 3060 833 3125 volucri
857 3061 992 3125 levitate
1016 3061 1183 3125 feranturl
1251 3072 1312 3141 205

158 3166 224 3230 206
246 3186 352 3251 quone
376 3163 465 3228 vides
489 3163 586 3228 citius
610 3164 728 3228 debere
753 3173 788 3229 et
811 3164 939 3249 longius
964 3164 1011 3228 ire

246 3269 483 3354 multiplexque
506 3268 569 3333 loci
592 3269 735 3354 spatium
757 3277 974 3334 transcurrere
1000 3267 1114 3332 eodem

247 3383 392 3459 tempore
415 3396 479 3459 quo
501 3374 577 3438 solis
599 3374 791 3459 pervolgant
812 3373 939 3437 lumina
959 3372 1108 3438 caelum?

247 3477 307 3541 hoc
327 3476 426 3541 etiam
450 3476 619 3562 inprimis
641 3476 806 3561 specimen
828 3497 941 3540 verum
965 3496 1033 3539 esse
1055 3473 1188 3539 videtur

248 3600 346 3664 quam
368 3579 464 3644 celeri
485 3587 578 3643 motu
600 3599 709 3643 rerum
729 3577 902 3643 simulacra
924 3578 1077 3656 ferantur,
1252 3592 1318 3642 210

159 3813 268 3878 reading
279 3806 373 3875 tendat,
386 3815 438 3866 und
452 3819 557 3867 marniae
572 3816 613 3865 lor
628 3818 730 3867 numine
745 3815 809 3865 with
826 3817 890 3867 Mar.
908 3817 1020 3875 Junt.,a
1035 3815 1134 3879 change
1148 3814 1258 3865 whiohl
1274 3829 1318 3867 um

159 3900 207 3946 not
217 3912 275 3947 now
285 3897 400 3949 inclined
410 3901 438 3949 to
448 3899 580 3961 acquiesce
592 3899 633 3948 in:
651 3914 694 3949 see
710 3913 733 3947 11
745 3899 803 3957 632,
814 3899 866 3948 und
878 3898 1007 3961 Epicurus
1018 3897 1087 3947 cited
1102 3898 1131 3946 in
1142 3900 1217 3947 notes
1228 3898 1252 3945 1.

195 3981 242 4031 190
253 3982 353 4044 sulem
364 3981 409 4030 ΑΒ
420 3981 492 4030 Nico.
504 3980 572 4030 Flor.
583 3981 614 4030 31
632 3979 723 4030 (lamb.
741 3981 812 4030 Mon.
830 3981 911 4031 arat.
940 3983 1045 4045 futpure
1060 3983 1076 4029 2
1089 3980 1148 4031 Vat.
1165 3979 1236 4029 Brix.
1252 3978 1318 4029 Van.

160 4061 226 4111 Mar.
238 4060 292 4111 eds.
309 4061 395 4111 belore
410 4060 490 4110 Lech.
589 4061 638 4111 198
655 4061 716 4110 201:
733 4060 762 4110 in
780 4076 825 4123 my
844 4061 921 4111 small
939 4061 980 4112 ed.
997 4062 1011 4110 I
1028 4060 1133 4111 allowed
1151 4061 1186 4123 by
1203 4058 1319 4109 aooident

160 4143 335 4194 Leohmunn's
351 4142 523 4206 punctuation
540 4143 567 4192 to
579 4142 669 4192 stand:
687 4143 715 4192 ol
730 4157 819 4193 course
835 4143 909 4194 there
921 4144 1015 4194 should
1031 4144 1062 4193 be
1077 4156 1205 4193 scomma
1215 4141 1281 4190 after
1296 4143 1320 4189 ei

161 4225 214 4276 and
230 4225 297 4275 aiter
314 4226 374 4283 202,
385 4223 431 4274 the
446 4223 567 4287 apodcsis
583 4223 723 4287 beginning
738 4227 765 4274 at
784 4226 853 4286 Quid
869 4241 942 4287 quoe.
1040 4227 1088 4274 102
1106 4225 1134 4273 in
1152 4222 1230 4273 arnoll
1246 4221 1286 4270 ed.
1307 4221 1321 4268 1

161 4306 251 4371 placed
262 4305 325 4355 with
335 4305 413 4356 Bern.
426 4306 492 4356 aiter
508 4306 564 4355 188.
598 4308 702 4356 caelum.
736 4307 831 4355 circum
847 4305 927 4356 Lech.
1026 4306 1074 4354 205
1087 4304 1154 4368 (195)
1172 4299 1251 4350 nach.
1264 4300 1322 4348 first

160 4385 320 4439 transferred
330 4388 358 4437 to
368 4387 404 4438 its
414 4385 484 4450 right
494 4387 576 4450 place.
668 4387 717 4437 206
735 4387 828 4449 Quoue.
856 4388 943 4436 Neam
954 4386 978 4436 B
988 4400 1052 4436 corr.
1059 4386 1135 4435 Ponl.
1147 4384 1211 4433 Mar.
1219 4381 1288 4444 vulg.
