3092 4984
811 279 847 343 II

337 436 488 513 motibus,
512 434 600 501 unde
623 434 703 500 haec
726 442 778 500 est
800 433 892 498 nobis
916 434 1030 499 innata
1052 442 1203 519 potestas,

337 538 378 602 de
401 537 469 602 nilo
492 537 645 624 quoniam
669 537 740 602 fieri
763 537 811 601 nil
834 557 926 622 posse
950 536 1103 601 videmus.

338 641 465 727 pondus
488 642 577 707 enim
599 641 751 727 prohibet
774 662 817 704 ne
840 640 944 727 plagis
967 640 1079 704 omnia
1101 639 1184 704 finnt

337 754 472 811 externe
494 746 586 832 quusi
609 745 659 824 vi;
683 744 805 810 sedne
830 765 922 809 mens
945 743 1016 828 ipsa
1038 764 1205 808 necessum

297 852 302 862 ’
338 847 532 912 intestinum
554 846 674 913 hebeat
697 846 822 912 cunctis
846 847 881 910 in
904 846 1001 911 rebus
1024 845 1158 931 agendis
1351 860 1419 926 290

339 958 373 1015 et
395 949 523 1017 devicte
546 951 639 1037 qussi
661 949 717 1017 dcc
740 957 874 1035 cogatur
897 948 980 1013 ferre
1004 950 1148 1034 patique,
1270 942 1275 949 ’

339 1052 374 1117 id
397 1053 474 1118 fecit
497 1053 653 1139 exiguum
676 1052 838 1117 clinamen
862 1051 1095 1136 principiorum

341 1180 402 1224 nec
426 1158 556 1244 regione
579 1156 641 1223 loci
664 1166 754 1222 certe
777 1178 838 1222 nec
860 1164 1006 1242 tempore
1029 1165 1125 1222 certo.

383 1263 454 1327 Nec
477 1262 599 1346 stipate
620 1259 724 1345 magis
746 1260 811 1325 fuit
834 1281 992 1344 umquam
1015 1258 1165 1324 materiei

340 1366 432 1452 copie
454 1387 514 1430 nec
536 1386 630 1450 porro
653 1363 830 1428 maioribus
855 1363 1054 1442 intervallis;
1349 1378 1410 1445 295

342 1493 419 1535 nom
441 1490 547 1556 neque
571 1468 756 1553 adaugescit
780 1467 955 1553 quiequam
977 1489 1084 1553 neque
1108 1466 1237 1552 deperit
1260 1465 1347 1531 inde.

342 1579 537 1658 quapropter
559 1592 623 1655 quo
645 1592 733 1634 nunc
757 1569 793 1634 in
816 1579 909 1636 motu
933 1570 1166 1657 principiorum

343 1698 473 1761 corporo
497 1682 582 1752 sunt,
607 1674 642 1739 in
665 1673 781 1739 eodem
805 1684 882 1740 onte
905 1683 979 1739 acts
1001 1683 1110 1739 aetate
1133 1674 1222 1738 fuere

344 1786 473 1865 etpost
496 1777 576 1843 hoec
600 1800 727 1863 semper
749 1777 849 1842 simili
874 1777 1000 1842 ratione
1023 1777 1178 1854 ferentur,

344 1893 378 1949 et
401 1905 484 1969 quoe
508 1882 695 1948 consuerint
717 1880 809 1967 gigni
832 1879 1008 1966 gignentur
1030 1879 1144 1945 ecdem
1255 1922 1258 1927 -
1353 1894 1417 1960 300

345 1987 529 2054 condicione
554 1994 588 2051 et
611 1994 707 2050 erunt
730 1991 765 2050 et
788 1998 933 2051 crescent
956 1985 1053 2070 vique
1075 1984 1239 2060 valebunt,

346 2101 505 2177 quantum
529 2091 645 2176 cuique
669 2090 783 2155 dotum
806 2096 857 2154 est
880 2110 939 2174 per
961 2089 1091 2154 foedera
1111 2086 1247 2154 naturai.

346 2218 405 2261 nec
429 2218 536 2260 rerum
559 2216 721 2258 summam
744 2200 944 2257 commutare
968 2191 1036 2256 ullu
1057 2200 1165 2275 potest
1186 2191 1254 2270 vis;

346 2321 423 2363 nam
446 2321 561 2384 neque,
585 2321 650 2384 quo
673 2297 774 2383 possit
797 2318 900 2381 genus
923 2296 1028 2360 ullum
1050 2294 1199 2360 materiai

347 2401 489 2486 effugere
504 2418 544 2465 ex
559 2400 656 2479 omni,
672 2399 847 2485 quicquam
862 2406 912 2462 est
926 2406 1025 2474 cotra,
1041 2419 1147 2482 neque
1162 2396 1197 2460 in
1212 2418 1309 2462 omne
1354 2412 1414 2479 305

346 2505 432 2569 unde
456 2512 564 2570 coorta
586 2512 685 2589 quest
708 2524 793 2569 nova
814 2503 864 2567 vis
888 2503 1073 2588 inrumpere
1097 2511 1131 2567 et
1155 2524 1286 2567 omnem

348 2617 499 2674 naturam
524 2631 632 2674 rerum
655 2616 783 2674 mutare
807 2614 842 2673 et
864 2616 992 2673 vertere
1015 2614 1130 2671 motus

391 2712 478 2777 Illud
500 2712 536 2775 in
559 2712 610 2777 his
633 2713 730 2778 rebus
754 2734 819 2778 non
844 2722 894 2778 est
917 2712 1074 2788 mirabile,
1099 2733 1207 2798 quare,

349 2816 459 2879 omnin
482 2836 556 2879 cum
579 2836 688 2879 rerum
711 2814 889 2900 primordio
911 2815 978 2880 sint
1002 2815 1037 2879 in
1060 2823 1161 2891 motu,

349 2939 476 2982 summe
498 2925 611 2982 tomen
633 2938 762 2981 summo
785 2917 934 2982 videatur
957 2925 1042 2982 stare
1066 2917 1185 3002 quiete,
1357 2933 1422 2997 310

348 3014 574 3107 praeterquam
597 3020 704 3106 siquid
728 3023 857 3107 proprio
882 3021 940 3086 dat
963 3043 1093 3107 corpore
1116 3031 1233 3088 motus

350 3126 454 3193 omnis
477 3127 565 3191 enim
587 3126 683 3212 longe
705 3127 824 3192 nostris
846 3128 888 3192 ab
912 3127 1058 3192 sensibus
1081 3127 1166 3192 infra

349 3231 528 3317 primorum
550 3239 669 3295 notura
691 3228 792 3295 iacet:
814 3239 1018 3316 quapropter,
1043 3231 1101 3295 ubi
1124 3231 1195 3316 ipse

351 3357 479 3400 cernere
503 3335 569 3399 iam
593 3356 742 3420 nequens,
767 3343 875 3400 motus
899 3357 1026 3420 qnoque
1051 3356 1182 3433 surpere
1206 3335 1345 3415 debent3
1427 3290 1468 3401 ἢ.

350 3440 540 3526 praesertim
563 3462 645 3518 cum,
670 3462 754 3525 quae
777 3436 936 3524 possimus
959 3460 1098 3515 cernere,
1123 3438 1229 3503 celent
1358 3453 1418 3520 315

352 3565 446 3629 saepe
470 3551 581 3608 tamen
607 3552 715 3608 motus
738 3544 843 3630 spatio
867 3542 1000 3608 diducta
1022 3542 1171 3607 locorum.
1352 3534 1359 3549 '

352 3665 429 3708 nam
454 3666 550 3729 saepe
574 3645 609 3708 in
634 3645 707 3710 colli
730 3645 903 3710 tondentes
926 3643 1047 3731 pabula
1070 3644 1157 3710 loeta

1382 1152 1476 1169 .—

299 3852 347 3905 291
364 3854 437 3915 quast
453 3852 524 3903 Nico.
541 3852 581 3904 ior
597 3856 680 3917 comt.
715 3854 760 3905 hoc
777 3853 836 3905 edd.
853 3853 886 3918 by
902 3854 953 3906 Ed.
987 3856 1016 3907 r'd
1031 3852 1112 3907 Lech.
1243 3853 1355 3918 294suit
1370 3870 1425 3905 cn·

267 3951 343 4001 quom
353 3933 426 3984 Junt.
438 3937 485 3983 not
496 3934 561 3984 Mor.
573 3934 613 3984 ior
623 3935 720 3997 sudum
733 3951 818 3999 qnam.
916 3938 965 3986 801
981 3940 1057 4000 cique
1067 3940 1194 3987 oducunt.
1216 3939 1293 4001 ioque
1303 3937 1426 3985 valebunt

267 4017 343 4067 Pont.
359 4013 423 4064 Mar.
440 4014 522 4064 Aldl
540 4014 613 4064 sunt.
627 4015 695 4078 vulg.
713 4015 769 4066 ‘vix
784 4015 879 4066 lntine'
896 4031 955 4079 says
970 4018 1051 4068 Irooh.
1149 4019 1198 4068 805
1215 4025 1286 4067 cetra
1297 4015 1380 4066 added
1390 4014 1427 4077 by

268 4099 319 4151 Ed·
335 4098 401 4149 after
415 4101 551 4163 quicquum
566 4105 612 4157 ort,
629 4097 658 4147 in
668 4098 753 4149 which
771 4098 794 4148 it
810 4114 863 4149 was
879 4098 1016 4150 obsorbed:
1035 4100 1081 4151 the
1098 4102 1219 4152 sentence
1229 4100 1344 4162 requires
1355 4099 1426 4151 this:

269 4196 351 4244 comp.
362 4196 379 4230 v
390 4182 437 4232 881
449 4180 501 4231 ond
511 4194 521 4229 r
532 4180 591 4239 988,
606 4181 659 4231 end
670 4182 759 4232 Cimb.
772 4181 863 4232 Journ.
875 4183 903 4231 of
918 4182 983 4245 phil.
996 4199 1006 4232 1
1017 4199 1042 4246 p.
1055 4186 1113 4237 875.
1147 4185 1227 4236 Looh.
1240 4183 1304 4234 adds
1315 4199 1427 4233 seorsum

270 4267 297 4316 ot
312 4263 363 4314 ond
377 4263 404 4313 of
420 4277 500 4313 verse.
533 4277 612 4326 mque
628 4276 713 4313 nonu
730 4266 759 4313 in
773 4278 855 4314 moneo
870 4263 939 4315 Flor.
948 4265 980 4315 81
997 4266 1086 4316 Cumb.
1114 4283 1193 4332 necne
1208 4280 1294 4315 rursm
1311 4267 1339 4313 in
1354 4280 1426 4314 orme

271 4345 336 4396 Mur.
352 4343 433 4395 Aldl
448 4343 522 4394 dunt.
533 4342 602 4407 vulg.
707 4344 755 4394 818
772 4347 829 4409 ipsc
848 4345 902 4397 Gn.
921 4347 961 4397 ior
978 4349 1068 4411 iprum.
1167 4347 1215 4396 814
1231 4361 1331 4410 rumen
1347 4345 1426 4395 Pont.
