3092 4984
832 293 862 356 v

359 453 512 519 horribile
532 450 686 517 humanis
708 448 795 535 quod
816 448 968 534 gentibus
991 456 1076 513 esset
1097 449 1261 525 inarmis,

359 558 458 642 inque
480 555 549 619 dies
570 552 648 618 belli
670 552 846 617 terroribus
867 550 994 615 addidit
1015 573 1164 636 augmen

402 661 619 744 Temptarunt
641 656 741 721 etiam
763 663 873 721 tauros
895 655 929 719 in
952 678 1103 722 moenere
1125 658 1202 723 belli

360 765 549 851 expertique
571 785 644 827 sues
666 783 776 826 saeros
798 770 875 826 sunt
896 762 1027 826 mittere
1049 761 1085 827 in
1107 762 1216 829 hostia

359 881 393 938 et
415 870 538 935 rabdos
559 866 679 954 partim
701 888 779 952 prae
801 888 835 931 se
857 865 972 930 misere
995 866 1104 931 leonae

361 997 436 1040 aum
458 971 642 1037 doctor-ibus
663 969 797 1034 armatis
818 968 985 1054 saevisque
1008 970 1171 1055 magistris

359 1078 418 1164 qui
440 1074 634 1168 moderarier
655 1073 708 1137 his
729 1082 861 1159 possent
882 1073 1062 1158 vinclisque
1084 1082 1204 1150 tenere,

360 1180 567 1267 nequiquam,
591 1178 744 1265 quoniam
766 1176 928 1263 permixta
949 1175 1048 1241 caede
1069 1177 1211 1242 calentes

364 1284 541 1349 turbabant
562 1281 650 1347 saevi
672 1282 762 1347 nullo
785 1280 970 1346 discrimine
992 1289 1125 1359 turmas,

360 1386 515 1453 terrificas
536 1385 678 1471 capitum
702 1385 887 1471 quatientes
908 1384 1053 1471 undique
1075 1386 1193 1462 cristas,

361 1512 422 1556 nea
442 1497 593 1574 poterant
616 1488 742 1574 equites
764 1487 897 1553 fremitu
918 1489 1093 1574 perterrita
1114 1509 1271 1573 equorum

361 1603 492 1680 pectora
512 1593 653 1658 mulcere
675 1601 710 1657 et
731 1592 829 1658 frenis
851 1602 1037 1658 convertere
1058 1592 1093 1657 iu
1116 1592 1225 1658 hostis.

363 1698 497 1762 inritata
518 1697 587 1761 leae
610 1696 771 1762 iaciebant
793 1718 926 1782 corpora
947 1696 1032 1761 saltu

362 1802 506 1887 undique
527 1809 562 1867 et
583 1800 754 1866 adversum
777 1800 983 1866 venientibus
1004 1822 1061 1865 ora
1080 1800 1237 1886 petebant

363 1915 398 1971 et
419 1927 478 1970 nea
500 1903 663 1989 opinantis
685 1924 705 1966 a
726 1912 817 1988 tergo
839 1902 1043 1988 deripiebant

362 2008 583 2094 deplexaeque
605 2005 727 2072 dabant
749 2006 785 2070 in
806 2014 926 2070 terram
948 2007 1078 2071 volnere
1099 2006 1207 2085 victos,

363 2112 522 2177 morsibus
544 2109 669 2174 adfixae
690 2108 806 2173 validis
828 2117 927 2194 atque
948 2110 1113 2195 unguibus
1133 2109 1232 2175 uncia

364 2214 591 2297 iactabantque
613 2233 686 2276 suos
708 2212 795 2276 tauri
816 2212 1017 2298 pedibusque
1039 2214 1187 2278 terebant

365 2326 398 2382 et
419 2316 522 2380 latera
542 2337 580 2379 aa
601 2323 729 2379 ventres
752 2315 927 2380 hauribant
949 2324 1061 2401 supter
1082 2338 1237 2401 equorum

363 2419 512 2484 cornibus
535 2426 569 2484 et
590 2425 710 2482 terram
732 2417 900 2483 minitanti
922 2418 1029 2484 fronte
1050 2419 1197 2484 ruebant

364 2533 398 2590 et
419 2523 534 2588 validis
556 2522 655 2587 soaios
677 2522 856 2588 caedebant
877 2522 1031 2588 dentibus
1052 2524 1122 2608 apri

364 2627 431 2692 tela
452 2625 589 2691 infracta
610 2647 668 2690 suo
690 2625 877 2710 tinguentes
898 2626 1056 2712 sanguine
1077 2626 1174 2703 saevi,

365 2730 399 2794 in
421 2751 456 2794 ae
477 2729 580 2794 fracta
600 2751 658 2794 suo
680 2729 868 2815 tinguentes
890 2730 1047 2815 sanguine
1069 2731 1143 2809 tela

365 2835 604 2920 permixtasque
626 2834 749 2900 dabant
771 2834 920 2920 equitum
943 2835 1156 2920 peditumque
1177 2832 1293 2899 minas

365 2960 442 3002 nam
464 2945 646 3003 transversa
666 2938 749 3003 feros
771 2938 905 3004 exibant
927 2937 1035 3003 dentis
1056 2937 1190 3003 adactas
1341 2954 1440 3018 *1330

365 3042 512 3107 iumenta
533 3051 591 3108 aut
612 3042 749 3128 pedibus
770 3051 885 3108 ventos
907 3051 1014 3108 erecta
1035 3041 1201 3128 petebant,

365 3145 573 3233 nequiquam,
597 3144 750 3231 quoniam
773 3145 815 3208 ab
836 3144 943 3209 nervis
965 3143 1089 3209 succisa
1110 3143 1235 3208 videres

365 3247 531 3314 concidere
553 3255 651 3333 atque
673 3247 764 3333 gravi
787 3255 907 3312 terram
929 3254 1132 3312 consternere
1154 3267 1237 3310 casu.

365 3352 473 3438 siquos
495 3359 572 3416 ante
593 3350 681 3416 domi
703 3348 843 3415 domitos
865 3350 944 3414 satis
966 3370 1036 3415 esse
1058 3348 1229 3435 putabant,

278 3527 382 3592 rightly,
394 3541 438 3578 aaa
452 3526 524 3577 1888.
624 3525 687 3576 1810
700 3527 806 3589 partim.
838 3524 931 3574 Parthi
947 3523 1038 3575 (iamb.
1055 3523 1154 3574 uvat:
1172 3538 1188 3573 a
1203 3522 1310 3587 reading
1325 3523 1439 3587 adopted

278 3608 313 3671 by
330 3606 424 3658 Lamb.
442 3604 539 3656 Oreeeh
557 3604 632 3655 Wak.
650 3606 718 3669 vulg.
739 3605 826 3656 before
843 3604 924 3656 heah.
1024 3604 1087 3655 1811
1107 3605 1258 3654 ἀοοιονίὸω.
1292 3606 1439 3657 datoribus

278 3689 419 3739 Ver.Ven.
437 3687 691 3738 Mar.Ald.1Junt.
710 3689 821 3752 Naupor.
841 3688 933 3739 Lamb.
952 3689 1002 3739 eto.
1117 3688 1180 3738 1815
1197 3686 1277 3737 Laeh.
1294 3687 1386 3751 rejecta
1406 3702 1438 3740 aa

279 3769 412 3833 spuriam3
429 3769 482 3820 aad
498 3768 548 3819 Ed
561 3769 590 3818 in
604 3769 644 3820 ed.
653 3771 676 3820 1.
775 3773 839 3823 1819
852 3774 971 3835 petebam
981 3771 1040 3821 Vat.
1056 3770 1104 3821 640
1119 3770 1212 3821 Urbin.
1225 3770 1298 3820 Mon.
1310 3771 1384 3821 bunt.
1396 3772 1439 3820 tor

275 3852 406 3915 patebant.
504 3851 569 3900 1880
585 3852 740 3915 deripiebant
756 3852 779 3901 Δ
795 3851 876 3902 Laeh.
918 3854 1075 3916 diripiebant
1090 3852 1113 3901 B
1130 3851 1201 3901 Nion.
1218 3849 1289 3899 Flor.
1296 3851 1328 3900 81
1345 3850 1439 3902 Oamb.

279 3934 351 3984 Man.
362 3933 398 3984 all
408 3932 495 3984 batere
504 3933 585 3983 Laeh.
684 3934 747 3984 1888
764 3949 830 3985 neae.
862 3950 917 3987 eaeo
928 3935 986 3986 Ver.
999 3935 1064 3986 Ven.
1075 3935 1171 3985 Arana.
1183 3932 1276 3983 Lamb.
1288 3934 1337 3984 eto.

313 4014 376 4063 1888
388 4013 474 4077 fronte
491 4012 572 4064 Laah.
584 4012 624 4062 ior
638 4021 716 4063 menta
730 4013 815 4064 ehieh
833 4013 882 4064 hae
898 4029 934 4065 no
949 4016 1081 4079 meaning.
1120 4017 1154 4064 ad
1170 4022 1309 4077 arranem
1325 4016 1439 4065 adsume·

278 4101 357 4145 mena
368 4092 433 4144 Mar.
446 4092 538 4145 Lamb.
550 4094 604 4145 011.
616 4094 712 4146 Greeoh
723 4097 772 4147 eto.
784 4096 836 4146 and
847 4096 901 4147 thia
912 4098 1044 4148 Candidus
1055 4097 1188 4148 doubtless
1197 4099 1287 4148 meant
1298 4098 1326 4146 to
1336 4096 1407 4147 read.

313 4175 377 4226 1887
394 4174 471 4224 lasa:
488 4174 560 4225 Mon.
575 4175 649 4225 aunt.
661 4174 742 4225 Laah.
754 4175 807 4226 and
823 4176 873 4226 Ed
885 4176 914 4227 in
930 4178 1008 4228 small
1023 4176 1142 4231 ademit
1155 4177 1201 4228 the
1218 4175 1326 4236 aeeond;
1342 4175 1438 4226 lamb.
1535 4181 1536 4188 ’

279 4255 320 4309 ed.
332 4255 346 4305 1
358 4253 524 4307 abelieesthe
536 4256 602 4315 flrat,
613 4255 654 4307 ed.
666 4259 682 4307 8
694 4257 863 4308 nadaboth:
880 4257 927 4308 bnt
939 4263 1068 4311 eeenotes
1079 4261 1104 4310 8.
1214 4260 1278 4309 1880
1294 4259 1377 4308 dentis
1390 4260 1438 4308 ad·

279 4345 351 4390 arua
359 4336 424 4388 Mar.
433 4336 508 4387 Jant.
517 4337 557 4388 tor
566 4337 647 4388 mia
658 4340 781 4390 adauctae
791 4339 824 4399 B,
832 4340 947 4390 dentibus
957 4343 1081 4392 udaeam
1089 4340 1190 4391 ANiea.
1197 4338 1287 4406 Gamb.
1321 4340 1440 4390 densim
