3092 4984
691 216 708 336 i
1239 293 1274 358 ς,

202 413 288 484 unde
310 417 455 486 animale
475 442 580 509 genus
600 422 781 508 generatim
804 422 838 488 in
860 422 986 491 lumina
1004 425 1092 493 vitae

201 521 349 586 redducit
370 523 494 600 Venus,
517 534 576 589 aut
597 525 789 590 redductum
812 526 946 593 daedala
967 530 1064 594 tellus

202 624 288 690 unde
311 626 372 690 alit
392 635 495 712 atque
516 636 617 714 auget
636 631 817 714 generatim
837 634 959 717 pabula
979 635 1158 719 praebenst

201 729 287 794 unde
308 753 400 797 mare
423 732 577 820 ingenuei
598 734 703 802 fontes
724 743 922 823 externaque
945 738 1040 825 longe
1213 757 1279 822 230

203 829 339 898 flumina
359 835 594 921 suppeditant?
615 837 702 903 uude
724 830 838 904 aether
859 840 965 906 sidera
985 842 1110 928 pascit?

203 938 313 1002 omnia
334 939 423 1003 enim
446 938 553 1021 debet,
576 941 704 1006 mortali
727 964 857 1030 corpore
879 966 962 1029 quae
984 954 1069 1023 sunt,

202 1038 333 1105 infinita
352 1049 445 1105 aetas
466 1064 658 1128 consumpse
680 1052 833 1110 anteacta
854 1045 996 1132 diesque.

202 1142 288 1228 quod
310 1144 339 1208 si
360 1144 398 1208 in
420 1166 459 1210 eo
480 1146 586 1231 spatio
608 1156 707 1233 atque
728 1157 880 1215 anteacta
900 1159 1009 1217 aetate
1030 1150 1119 1217 suem

202 1270 221 1312 e
242 1248 363 1333 qmbus
384 1250 467 1314 haec
487 1272 596 1316 rerum
618 1253 763 1341 oonsistit
786 1276 914 1320 summa
934 1256 1063 1339 refecta,

202 1350 368 1416 inmortali
391 1361 469 1417 sunt
490 1361 609 1418 natura
629 1355 777 1440 praedita
798 1366 892 1437 certe,

202 1453 282 1518 haut
304 1454 408 1539 igitur
429 1464 565 1540 possunt
587 1457 629 1522 ad
650 1459 754 1523 nilum
777 1483 924 1548 quaeque
946 1462 1077 1536 reverti,

202 1558 342 1645 denique
364 1583 417 1625 res
438 1561 545 1626 omnis
566 1561 680 1628 eadem
701 1564 750 1629 vis
772 1587 931 1651 causaque
952 1567 1045 1652 volgo

201 1665 383 1745 oonfioeret,
405 1666 469 1731 nisi
491 1666 643 1732 materies
664 1677 797 1733 aeterna
819 1677 954 1749 teneret,

201 1767 288 1833 inter
307 1791 344 1835 se
366 1790 454 1834 nexu
476 1770 585 1835 minus
606 1778 664 1836 aut
686 1773 789 1859 magis
810 1773 1002 1861 indupedita
1006 1798 1022 1860 a·

201 1878 308 1935 taetus
330 1872 422 1936 enim
443 1872 502 1937 leti
524 1873 603 1938 satis
625 1884 708 1940 esset
730 1898 828 1941 eausa
849 1875 1004 1962 profecto,

201 1972 338 2058 quippe*
353 1973 412 2038 ubi
434 1974 526 2039 nulla
547 1975 653 2041 forent
674 1986 809 2042 aeterno
831 1998 971 2062 corpore,
994 1999 1131 2062 quorum

201 2066 392 2141 eodtextum
412 2076 464 2141 vis
485 2070 620 2143 deberet
641 2079 816 2144 dissolvere
839 2101 1001 2166 quaeque.

202 2189 238 2245 at
257 2204 354 2257 nunc,
378 2181 465 2245 inter
486 2204 521 2246 se
542 2182 621 2269 quia
642 2205 744 2248 nexus
767 2183 998 2269 principiorum

202 2283 373 2349 dissimiles
395 2292 546 2349 eonstant
566 2294 762 2371 aeternaque
784 2286 937 2351 materies
958 2295 1017 2363 est,

201 2389 355 2454 ineolumi
377 2398 549 2454 remanent
570 2411 621 2453 res
642 2411 781 2479 eorpore,
804 2390 883 2455 dum
905 2390 983 2454 satis
1004 2389 1085 2455 soris

200 2491 250 2556 vis
271 2492 369 2557 obeat
390 2513 449 2581 pro
469 2500 602 2556 textura
623 2491 779 2577 cuiusque
801 2502 936 2578 reperta

201 2594 288 2659 haud
310 2594 413 2680 igitur
434 2592 520 2657 redit
541 2593 583 2658 ad
605 2594 709 2658 nilum
731 2616 783 2659 res
803 2595 879 2671 ulla,
903 2595 958 2660 sed
980 2617 1091 2661 omnes

201 2698 335 2764 discidio
356 2698 496 2763 redeunt
518 2697 551 2761 in
574 2719 706 2784 corpora
726 2698 882 2765 materiai.

200 2812 363 2887 postremo
384 2809 524 2886 pereunt
545 2799 674 2876 imbres,
696 2799 752 2863 ubi
775 2822 829 2864 eos
849 2807 943 2885 pater
963 2799 1078 2865 aether

200 2905 235 2969 in
256 2903 420 2990 gremium
440 2902 554 2968 matris
574 2902 673 2967 terrai
695 2902 940 2988 praecipitavit3

200 3018 236 3074 at
257 3009 381 3097 nitidae
403 3016 540 3094 surgunt
562 3007 669 3095 fruges
691 3005 837 3091 ramique
859 3005 1021 3068 virescunt

199 3113 376 3191 arboribus,
399 3119 546 3176 creseunt
567 3111 656 3196 ipsae
677 3110 812 3194 fetuque
833 3115 1030 3195 gravantur3

199 3216 276 3281 hino
298 3215 399 3280 alitur
418 3235 512 3300 porro
533 3223 681 3279 nostrum
702 3235 807 3298 genus
828 3220 928 3296 atque
950 3209 1099 3286 ferarum,

200 3319 276 3384 hine
297 3319 400 3384 laetas
421 3318 517 3383 urbes
537 3316 647 3403 pueris
668 3316 783 3381 florere
804 3316 953 3381 videmus

200 3423 453 3508 frondiferasque
474 3421 567 3486 noris
587 3420 701 3486 avibus
722 3440 838 3485 canore
860 3416 1006 3502 undique
1028 3414 1144 3497 silvas5

200 3526 276 3592 hinc
297 3527 401 3592 fessae
422 3525 562 3612 pecudes
583 3524 697 3610 pingui
718 3545 778 3609 per
799 3522 920 3608 pabula
941 3522 1028 3586 laeta

201 3652 333 3717 eorpora
354 3630 523 3716 deponunt
545 3638 580 3694 et
601 3628 742 3693 candens
764 3628 888 3693 lacteus
909 3649 1003 3692 umor

201 3735 355 3800 uberibus
376 3743 489 3798 manat
510 3733 682 3813 distentis3
705 3733 783 3797 hino
803 3756 888 3798 nova
908 3732 1013 3819 proles

199 3838 335 3903 artubus
357 3837 494 3902 infirmis
516 3845 645 3902 teneras
667 3837 786 3902 lasciva
806 3858 864 3922 per
885 3837 1000 3901 herbas
1208 3837 1273 3902 260
1392 3886 1396 3894 .

120 3990 456 4066 witembtorqeteqaid
555 3998 853 4063 alreaddodbyrtioe.
952 3997 1272 4050 mlfollovthamaa

119 4093 188 4139 nare,
212 4084 329 4144 mmet
348 4082 430 4132 Laoh.
447 4080 501 4131 aud
516 4079 567 4131 nd.
586 4080 616 4130 in
634 4080 675 4130 od.
684 4082 708 4130 1.
739 4089 898 4144 numaque.
921 4087 1068 4144 semmae
1086 4077 1168 4157 Lasia
1192 4078 1272 4138 tome.

22 4168 23 4181 ¹
119 4159 269 4224 hrrBern
285 4161 533 4213 dedinodl.
631 4165 762 4214 maesto
777 4163 848 4213 Mon.
864 4162 939 4212 Junt.
955 4162 995 4211 tor
1008 4177 1093 4212 mm.
1127 4157 1273 4211 Lanibsd.

22 4236 23 4251 ¹
83 4243 1241 4311 ›mammos.rinmuprut)mosno‹pesro;0uam.„esa0paesu

22 4318 25 4389 ζ
118 4325 162 4377 257
173 4329 265 4391 pisoni
284 4327 345 4379 Iun.
365 4326 542 4391 Philargyrius
564 4331 591 4378 to
609 4327 681 4391 Virg.
697 4320 1275 4391 gsor.n1124101pin9sa‚unoynethors

22 4444 23 4453 ’
1103 4421 1188 4484 4-2
