3092 4984
837 285 887 351 vl

361 429 511 504 omnibus
533 441 586 499 est
610 457 707 523 porro
728 439 763 505 in
788 438 952 524 speluncis
977 449 1090 506 ventus
1110 442 1139 501 et
1164 452 1252 509 aer;
1517 489 1518 528 7

363 547 481 608 ventus
503 536 595 604 enim
620 543 669 622 fit,
692 546 750 610 ubi
772 553 822 610 est
844 546 1000 632 agitando
1022 546 1150 633 percitus
1173 559 1252 602 aer·
1381 529 1438 606 635
1517 535 1518 582 l

363 646 416 713 bie
441 640 497 707 ubi
526 647 690 727 percaluit
714 648 924 735 calefecitque
947 653 1058 716 omnia
1078 650 1192 714 circum
1517 669 1518 674 ¹

365 770 443 817 saxa
466 743 587 826 furens,
612 773 681 837 qua
705 752 875 838 contingit,
900 761 1092 841 terramque,
1112 759 1143 817 et
1160 746 1206 811 ab
1232 742 1316 809 ollis

366 849 506 924 excussit
531 852 677 921 calidum
701 856 840 922 flammis
865 857 1030 922 velocibus
1055 857 1163 943 ignem,

367 959 454 1027 tollit
479 975 513 1019 se
540 977 578 1020 ec
602 962 701 1026 rectis
725 962 773 1026 ite
798 960 945 1026 faucibus
972 962 1048 1027 eicit
1071 962 1141 1026 alte.
1517 1041 1518 1054 χ

367 1065 429 1129 sort
452 1061 563 1144 itaque
591 1064 741 1130 ardorem
764 1066 860 1151 longe
885 1066 1046 1152 longeque
1071 1063 1201 1131 favillam
1375 1051 1436 1135 690
1517 1067 1518 1102 l

367 1168 476 1234 differt
498 1173 532 1228 et
555 1187 663 1234 crassa
685 1170 786 1236 volvit
811 1171 950 1256 csligine
977 1171 1104 1236 fumum

369 1269 579 1356 extruditque
606 1275 705 1342 simul
731 1276 879 1341 mirando
903 1277 1046 1363 pondere
1068 1298 1159 1355 saxa3

368 1401 409 1445 00
435 1373 565 1441 dubites
592 1379 674 1464 quin
697 1380 778 1445 haee
803 1379 925 1444 animai
948 1380 1082 1445 turbida
1106 1379 1147 1443 sit
1169 1373 1221 1440 vis.

369 1490 537 1570 praeterea
560 1502 683 1568 magna
702 1506 743 1548 ex
769 1483 856 1569 perti
881 1506 970 1548 mare
994 1484 1115 1548 montis
1137 1478 1252 1546 adeius

370 1584 492 1650 radices
519 1581 643 1670 frangit
668 1586 787 1651 fluctus
812 1597 1005 1673 aestumque
1029 1586 1177 1652 resorbet.
1366 1578 1423 1658 695

371 1711 412 1754 ex
433 1687 494 1752 hoc
518 1708 623 1774 usque
648 1690 732 1755 mari
758 1690 931 1776 speluncae
955 1690 1076 1755 montis
1105 1689 1147 1754 ad
1171 1688 1246 1753 altus

372 1789 569 1880 perveniunt
593 1793 707 1857 subter
729 1792 846 1860 fauces
877 1794 939 1860 hac
962 1794 1009 1858 ire
1028 1792 1224 1858 fatendumst

373 2010 407 2065 ct
430 2008 600 2085 penetrare
626 1998 709 2063 mari
733 1999 867 2085 penitus
887 2022 939 2065 res
964 1999 1049 2084 cogit
1071 2006 1183 2084 aperto

372 2112 471 2188 atque
497 2102 606 2167 efflare
632 2102 716 2167 foras
739 2101 878 2187 ideoque
901 2102 1055 2168 extollere
1081 2101 1244 2166 flammam

373 2225 514 2290 saxaque
540 2203 721 2270 subiectare
747 2214 783 2270 et
808 2226 925 2270 arenae
948 2204 1061 2269 tollere
1085 2202 1219 2268 nimbos
1366 2212 1423 2280 700

373 2307 407 2372 in
433 2329 559 2372 summo
583 2315 660 2372 sunt
686 2308 807 2372 vertice
834 2308 923 2372 enim
948 2316 1096 2382 crateres,
1119 2313 1157 2372 ut
1179 2305 1240 2392 ipsi

373 2411 591 2490 nominitant3
616 2432 675 2475 nos
700 2412 788 2497 quod
815 2412 922 2478 fauces
948 2411 1156 2498 perhibemus
1180 2418 1214 2475 et
1233 2429 1292 2473 ora

417 2514 503 2579 Sunt
525 2515 649 2601 aliquot
671 2538 802 2602 quoque
824 2538 875 2581 res
897 2537 1035 2603 quarum
1061 2536 1163 2578 unam
1185 2513 1287 2578 dicere
1306 2530 1418 2574 causam

375 2637 440 2679 000
462 2617 540 2682 satis
562 2626 620 2697 est,
642 2641 757 2684 verum
779 2620 889 2706 pluris,
913 2618 999 2685 unde
1022 2640 1089 2684 una
1109 2626 1220 2683 tamen
1243 2615 1300 2697 sit3

375 2739 488 2800 corpus
510 2727 549 2784 ut
571 2720 758 2786 exanimum
781 2722 895 2807 siquod
916 2722 1027 2808 procul
1048 2720 1118 2806 ipse
1140 2720 1243 2784 iacere
1363 2730 1414 2799 705

373 2822 549 2906 conspicias
570 2824 719 2903 hominis,
742 2825 781 2891 fit
803 2834 842 2891 ut
864 2826 969 2892 omnis
992 2826 1099 2891 dicere
1122 2845 1234 2889 causas

375 2925 545 2990 conveniat
570 2927 636 3004 leti,
663 2927 791 2993 dicatur
815 2937 853 2993 ut
879 2927 966 2993 illius
992 2950 1066 2993 una.

375 3045 453 3088 nam
474 3046 580 3109 00000
603 3047 679 3089 eum
700 3026 784 3090 ferro
807 3048 867 3091 000
889 3026 1005 3112 frigore
1027 3026 1157 3090 vincere
1179 3022 1279 3110 possis

375 3128 534 3193 interiisse
559 3151 664 3215 neque
687 3152 707 3193 a
728 3129 841 3194 morbo
863 3150 971 3214 00000
993 3129 1076 3194 forte
1099 3148 1234 3202 veneno,

374 3256 487 3299 verum
511 3233 634 3322 aliquid
655 3254 773 3318 genere
797 3254 865 3298 esse
887 3255 929 3297 ex
949 3233 1010 3297 hoc
1032 3231 1120 3318 quod
1141 3228 1277 3315 contigit
1295 3229 1323 3293 ei
1363 3241 1415 3310 710

289 3459 390 3510 eitimam
400 3460 423 3509 A
433 3474 496 3510 corr.
508 3459 578 3510 Flor.
586 3459 618 3509 61
631 3458 720 3509 (lamb.
732 3458 772 3508 lor
778 3458 846 3521 feres
857 3459 898 3507 illi
909 3472 973 3507 mem.
1055 3457 1104 3508 667
1120 3457 1243 3518 vestitvit
1253 3452 1413 3504 100.οι00

291 3538 356 3589 Mar.
368 3542 408 3591 lor
423 3543 536 3602 contipit.
645 3542 694 3592 666
710 3542 770 3590 Fert
785 3542 872 3603 itaque
889 3539 982 3589 Heius.
993 3537 1022 3588 in
1033 3553 1084 3590 ms.
1095 3540 1170 3588 notes
1181 3536 1412 3588 monoceroton

291 3619 368 3680 6000.
413 3622 532 3682 Fecitque
548 3621 620 3671 Nico.
662 3623 790 3685 Vertitque
807 3621 843 3670 Is.
860 3620 935 3670 Voss.
952 3620 982 3670 in
1003 3635 1053 3670 ms.
1070 3622 1155 3670 notes.
1269 3619 1308 3669 695
1328 3618 1412 3667 resortct

291 3696 397 3750 1710061
415 3698 504 3749 (lamb.
522 3701 607 3751 sves.
619 3701 684 3750 Mar.
701 3701 741 3751 lor
755 3705 872 3752 resolvet:
890 3716 906 3751 a
920 3702 972 3751 fine
985 3702 1136 3751 correction.
1235 3700 1279 3752 697
1293 3713 1329 3749 see
1339 3700 1411 3749 Cant
1514 3745 1518 3753 .

292 3777 383 3829 Ioum.
395 3779 422 3829 ol
436 3778 501 3841 phil.
513 3794 524 3829 1
535 3795 561 3843 p.
573 3782 614 3840 46,
626 3781 710 3831 where
726 3783 740 3831 1
756 3782 813 3832 suid
824 3782 882 3834 that
894 3785 921 3833 at
936 3785 1003 3835 least
1018 3797 1151 3833 sueveras
1168 3782 1192 3833 is
1206 3781 1267 3832 hero
1276 3782 1329 3831 lost:
1343 3781 1410 3832 indu

293 3863 398 3913 smaller
413 3863 479 3913 ed.I
495 3865 620 3928 proposed
636 3880 739 3917 averse
755 3867 820 3917 such
834 3867 1081 3927 asthis,Flrwtih1u
1096 3866 1235 3914 06060000
1245 3865 1366 3922 0600006,-
1379 3867 1409 3914 ir·
1513 3857 1518 3878 '⁴

294 3952 407 4009 moreque
419 3947 451 3995 ab
463 3948 523 3996 eto:
539 3947 623 3998 which
633 3949 686 3998 will
697 3964 769 3999 serve
780 3953 808 4000 to
820 3950 890 4000 shsw
898 3951 944 4000 the
955 3949 1058 4013 general
1068 3946 1199 4009 meaning.
1233 3944 1303 3995 Lech.
1310 3945 1410 4010 violently
1514 3951 1518 3960 ’

292 4027 368 4078 reads
383 4030 610 4092 perstreperemus
628 4031 656 4080 r'rr
670 4039 783 4092 apertam
798 4031 838 4080 lor
849 4035 950 4094 penitus
961 4049 1000 4083 res
1011 4033 1078 4094 sopit
1088 4037 1183 4094 aperto.
1286 4028 1408 4081 76100600
1514 4074 1518 4086 ,

293 4113 359 4160 euim
369 4108 482 4159 Tumeb.
491 4108 591 4159 advers.
597 4125 653 4160 xxn
661 4112 700 4167 19,
710 4110 745 4159 Is.
753 4110 828 4160 Voss.
837 4111 866 4159 in
877 4126 927 4162 ms.
936 4115 1020 4171 notes,
1028 4111 1114 4161 Bentl.
1123 4109 1163 4160 lor
1172 4109 1291 4159 reticeat.
1318 4106 1405 4156 l'urneh.
1513 4097 1518 4184 ζ

293 4193 349 4245 also
359 4207 481 4258 proposes
493 4190 544 4241 and
555 4207 638 4243 seems
649 4195 677 4243 to
687 4192 771 4261 prslsr
781 4195 903 4255 vertiaem'
913 4194 998 4245 which
1009 4194 1103 4245 hamb.
1115 4192 1156 4243 ed.
1167 4194 1183 4241 3
1198 4190 1284 4253 adopts
1292 4189 1344 4238 hom
1352 4187 1404 4238 lu'rn.

293 4271 706 4327 006006007100.Δ10.17007.
805 4275 853 4326 767
870 4276 943 4336 quod.
977 4291 1041 4338 quor
1051 4275 1128 4325 Pont.
1139 4273 1205 4323 Mar.
1214 4269 1402 4322 summutas

293 4357 418 4425 wrongly:
436 4369 478 4409 sse
489 4354 570 4407 harh.
582 4356 668 4408 11194.
750 4357 798 4409 765
810 4358 890 4406 iacere
901 4354 970 4406 Flor.
978 4358 1010 4407 61
1021 4355 1111 4409 (lamb.
1122 4354 1195 4405 Brix.
1205 4354 1267 4405 Mar.
1274 4352 1387 4404 loriano.
