3092 4984
801 295 831 357 V

319 471 509 517 evanescere
530 448 619 515 enim
639 446 769 534 rapidas
792 446 880 511 illius
902 454 937 512 et
959 444 1041 512 soris

319 556 471 621 imminui
492 562 605 640 supter
627 552 711 630 viris,
735 551 873 637 ideoque
894 549 1035 636 relinqui

319 659 479 745 paulatim
500 657 601 723 solem
622 678 697 721 oum
719 654 943 741 posterioribu’
965 652 1075 740 signis,

320 760 453 826 imerius
473 759 578 825 multo
600 758 686 844 quod
708 758 752 823 sit
773 779 873 844 quam
895 756 1019 821 fervida
1039 755 1139 841 signa

321 875 356 932 et
376 866 480 951 magis
501 865 562 929 hoo
583 864 714 929 lunam:
735 871 859 948 quanto
881 860 1050 925 demissior
1071 859 1142 924 eius

322 991 433 1036 cursus
455 969 547 1033 abest
568 967 679 1052 procul
700 988 721 1030 a
742 966 829 1031 eaelo
851 964 1010 1048 terrisque
1032 963 1238 1048 propinquat,
1332 959 1395 1040 630

320 1079 413 1137 tanto
435 1092 527 1157 posse
548 1071 657 1134 minus
678 1092 753 1135 oum
776 1068 876 1155 signis
897 1068 1031 1132 tendere
1053 1087 1193 1131 cursum.

321 1173 501 1240 flaccidiore
522 1173 646 1238 etenim
668 1180 791 1258 quanto
813 1173 880 1236 iam
901 1171 1034 1236 turbine
1055 1170 1159 1234 fertur

322 1278 456 1343 inferior
475 1300 574 1362 quam
596 1277 652 1354 sol,
674 1286 767 1343 tanto
789 1275 892 1362 magis
914 1274 1023 1339 omnia
1044 1274 1137 1358 signa

323 1380 407 1445 hano
429 1378 652 1463 adipiscuntur
673 1379 793 1444 circum
815 1385 1007 1464 praeterque
1029 1376 1186 1441 feruntur.

323 1491 494 1570 propterea
515 1484 553 1547 fit
575 1492 614 1548 ut
634 1483 715 1548 baec
737 1483 779 1547 ad
801 1483 931 1567 signum
952 1479 1104 1567 quodque
1125 1477 1245 1543 reverti

324 1586 476 1650 mobilius
497 1586 654 1664 videatur,
678 1586 720 1650 ad
742 1586 826 1651 hano
848 1585 926 1672 quia
947 1584 1039 1670 signa
1060 1582 1214 1647 revisunt.

325 1689 365 1754 fit
386 1711 515 1775 quoque
537 1698 576 1754 ut
597 1712 616 1754 e
637 1689 753 1754 mundi
776 1688 965 1754 transversis
986 1686 1134 1773 partibus
1155 1706 1211 1751 aer

325 1792 458 1858 alternis
480 1801 567 1858 certo
588 1793 690 1858 fluere
712 1794 796 1859 alter
817 1801 963 1878 tempore
983 1790 1094 1877 possit,

326 1894 383 1979 qui
405 1902 505 1979 queat
526 1894 657 1959 aestivis
678 1895 780 1960 solem
801 1893 973 1959 detrudere
995 1892 1095 1978 signis

326 1997 481 2061 brumalis
502 2019 604 2082 usque
627 1997 668 2061 ad
691 1998 793 2062 flexus
814 1997 1024 2083 gelidumque
1046 1995 1192 2082 rigorem,

327 2108 362 2165 et
383 2099 446 2184 qui¹
462 2099 574 2165 reiciat
595 2100 709 2186 gelidis
731 2122 753 2165 a
773 2100 899 2186 frigoris
921 2100 1045 2165 umbris

328 2201 494 2265 aestiferas
516 2223 618 2286 usque
640 2202 675 2266 in
697 2202 799 2287 partis
821 2211 855 2267 et
877 2200 1003 2267 fervida
1024 2199 1124 2287 signa.

329 2311 364 2368 et
385 2303 510 2368 ratione
531 2303 602 2389 pari
624 2303 737 2369 lunam
759 2305 933 2389 stellmque
954 2304 1178 2389 putandumst,

330 2426 413 2489 quae
435 2406 570 2472 volvunt
591 2428 725 2491 magnos
747 2407 782 2471 in
804 2407 930 2492 magnis
951 2406 1081 2471 orbibus
1103 2427 1214 2481 annos,

330 2507 458 2572 aeribus
479 2530 573 2593 posse
593 2510 727 2576 alternis
749 2533 767 2574 e
789 2511 937 2597 partibus
958 2511 1012 2575 ire.

331 2632 438 2676 nonne
460 2611 550 2677 vides
572 2613 671 2678 etiam
693 2613 827 2679 diversis
848 2615 963 2680 nubila
983 2614 1090 2680 ventis

332 2712 473 2779 diversas
494 2716 542 2780 ire
563 2716 599 2780 in
619 2718 722 2806 partis
742 2717 871 2782 inferna
891 2718 1061 2804 supemisl

333 2815 391 2900 qui
412 2815 520 2882 minus
541 2818 599 2882 illa
620 2827 742 2904 queant
763 2842 823 2905 per
843 2843 977 2907 magnos
998 2819 1140 2886 aetheris
1161 2818 1246 2885 orbis

332 2917 476 2984 aestibus
496 2919 583 2984 inter
604 2943 638 2985 se
660 2921 794 2988 diversis
816 2923 922 2988 sidera
942 2923 1039 2988 ferri?

375 3023 424 3087 At
444 3045 510 3088 nox
531 3024 639 3090 obruit
659 3025 786 3112 ingenti
808 3028 945 3114 caligine
966 3036 1077 3106 terras,

332 3132 391 3192 aut
411 3125 469 3191 ubi
491 3125 532 3191 de
553 3126 648 3213 longo
671 3150 765 3193 cursu
788 3130 835 3195 sol
856 3130 975 3195 ultima
995 3131 1077 3196 caeli

333 3231 466 3318 impulit
486 3240 585 3317 atque
607 3255 681 3298 suos
703 3233 826 3299 efflavit
846 3233 1020 3319 languidus
1042 3232 1127 3319 ignis

335 3358 503 3403 concussos
522 3337 605 3403 itere
626 3344 661 3402 et
682 3337 856 3402 labefactos
876 3359 950 3403 aere
971 3338 1084 3414 multo,

334 3452 394 3507 aut
414 3441 492 3527 quia
513 3442 573 3507 sub
595 3450 697 3507 terras
718 3464 847 3507 cursum
869 3449 1055 3507 oonvortere
1076 3440 1162 3526 oogit

336 3547 385 3612 vis
406 3546 527 3626 eadem,
551 3568 648 3632 supra
669 3568 753 3631 quae
774 3554 876 3611 terras
897 3544 1032 3631 pertulit
1053 3544 1173 3609 orbem.

380 3649 537 3735 Tempore
560 3650 641 3714 item
662 3658 749 3714 oerto
771 3673 896 3716 roseam
918 3649 1049 3714 Matuta
1070 3669 1221 3733 peroras

338 3752 479 3817 aetheris
500 3774 648 3818 auroram
670 3752 780 3820 differt
801 3764 835 3820 et
856 3754 982 3819 lumina
1002 3753 1127 3839 pandit,

251 3889 252 3892 ¹
337 3862 395 3919 aut
417 3855 494 3939 quia
515 3856 561 3919 sol
585 3857 681 3934 idem,
705 3858 766 3922 sub
787 3867 889 3924 terras
915 3859 970 3924 ille
991 3865 1164 3931 revertens,

251 4093 348 4145 reclusa
368 4090 446 4141 sem.
544 4092 592 4144 tl?
616 4093 709 4143 Castori
727 4107 752 4143 se
769 4100 799 4142 ut
816 4093 896 4144 Lsoh.
915 4093 956 4144 tor
974 4093 1093 4144 Cameris
1110 4101 1148 4144 ut.
1246 4093 1294 4145 882
1316 4093 1407 4143 suain

251 4175 333 4226 Lsoh.
344 4175 384 4225 tor
396 4176 483 4224 emm.
581 4176 630 4226 648
646 4177 696 4224 illo
705 4174 813 4226 unsel
821 4175 913 4225 (lumb.
924 4176 1001 4226 Pont.
1013 4177 1079 4226 Mar.
1091 4176 1132 4227 lor
1141 4177 1196 4227 ille.
1304 4175 1353 4227 sol
1368 4175 1407 4224 sol

251 4260 342 4308 ultim
353 4254 509 4308 (lumeat.
522 4255 586 4307 llas
597 4254 649 4306 tud
662 4256 724 4306 last
733 4255 879 4306 othoblor
888 4259 1114 4308 soloettmoeoelr‘.
1146 4254 1405 4308 ermemmarus
1461 4314 1468 4327 .
1526 4311 1527 4328 χ

253 4341 317 4391 Mar.
329 4340 407 4392 slus
423 4339 498 4390 lunt.
509 4340 559 4391 sto.
592 4337 705 4391 solium
715 4338 745 4388 in
756 4353 837 4403 marg.
848 4338 955 4392 Hoetu
965 4339 1015 4391 has
1025 4340 1090 4391 both
1100 4341 1192 4392 ulum
1202 4339 1255 4391 and
1264 4342 1367 4392 extimo.
