3092 4984
696 314 726 377 V
1225 334 1290 401 ²²9

218 477 254 533 51
277 489 501 554 quaecumque
527 467 604 532 foris
627 468 765 533 veniunt
788 468 981 557 inpostaque
1004 471 1098 537 nobis

217 571 364 657 pondere
387 579 465 635 sunt
488 570 632 648 laedunt,
656 572 820 656 permulto
845 595 940 660 saepe
964 575 1098 642 minore

218 694 322 757 usque
346 672 427 738 adeo
449 672 561 759 magni
584 674 683 739 refert
706 674 786 758 quid
807 697 956 762 quaeque
980 677 1075 743 obest
1098 701 1160 745 res.
1225 694 1285 763 545

219 777 266 841 sio
289 776 390 862 igitur
412 776 511 842 tellus
535 800 601 842 non
625 785 675 842 est
698 779 810 844 aliena·
827 790 962 866 repente

219 880 320 954 511515
342 889 442 966 atque
466 881 553 946 auris
576 882 708 948 aliunde
732 883 859 949 obiecta
881 885 1002 963 alienis,

220 983 278 1048 sed
300 983 423 1069 puriter
446 984 552 1069 prima
575 994 729 1071 conceptu
752 986 794 1051 ab
817 987 940 1074 origine
963 989 1078 1055 mundi

220 1095 373 1172 certaque
396 1109 471 1173 pars
495 1086 573 1163 eius,
598 1087 691 1172 quasi
713 1088 807 1153 nobis
830 1091 978 1155 membra
1000 1090 1161 1159 videntur.

219 1198 389 1275 praeterea
410 1188 525 1274 grandi
548 1190 674 1255 tonitru
697 1211 851 1256 concusso
873 1201 1007 1278 repente
1227 1212 1292 1280 550

220 1301 308 1356 terre
330 1314 429 1378 supra
451 1315 535 1379 quoe
558 1315 593 1362 se
616 1302 693 1358 sunt
717 1295 862 1360 concutit
885 1296 995 1361 omnia
1017 1307 1133 1382 motu3

221 1395 309 1479 quod
332 1395 435 1460 faeere
459 1396 542 1462 haut
563 1396 632 1460 ulla
654 1404 762 1481 posset
785 1398 919 1476 ratione,
943 1398 1007 1465 nisi
1033 1410 1117 1467 esset

221 1497 369 1583 pertibus
392 1498 487 1564 aeriis
510 1499 625 1564 muudi
649 1500 802 1585 caeloque
825 1500 977 1566 revincto„

222 1623 299 1665 nam
323 1603 548 1668 communibus
571 1603 658 1668 inter
680 1626 715 1668 se
738 1604 900 1670 radicibus
922 1605 1059 1673 haerent-

222 1725 264 1768 ex
286 1704 421 1769 ineunte
444 1727 524 1770 aevo
547 1704 719 1771 coniuncte
740 1714 840 1791 atque
863 1708 973 1774 uniter
994 1717 1080 1796 apta„
1228 1728 1287 1796 555

222 1829 330 1873 nonne
351 1806 442 1872 vides
463 1809 563 1874 etiem
585 1831 684 1895 quam
706 1832 823 1896 magno
844 1812 985 1897 pondero
1007 1815 1100 1880 nobis

221 1912 381 1978 sustinent
402 1935 517 1999 corpus
540 1914 730 1980 tenuissime
750 1916 800 1980 vis
823 1916 944 1981 animai

221 2023 393 2100 propterea
414 2016 491 2102 quia
512 2025 582 2080 tum
603 2017 776 2082 coniuncto
797 2026 896 2103 atque
918 2019 1028 2085 uniter
1047 2029 1126 2107 apta
1146 2030 1218 2090 5511

222 2117 363 2206 denique
384 2120 451 2185 iam
471 2122 556 2186 saltu
578 2122 700 2207 pernici
722 2123 835 2188 tollere
857 2145 971 2210 corpus

222 2221 301 2307 quid
315 2222 401 2308 potis
415 2231 466 2289 est
486 2223 550 2288 nisi
564 2224 612 2288 vis
626 2224 727 2288 animi
742 2247 826 2311 quoe
840 2226 987 2290 membra
999 2229 1183 2311 gubernati
1228 2233 1292 2313 560

223 2323 331 2389 iamne
352 2326 443 2390 vides
464 2334 624 2411 quantum
646 2326 754 2392 tenuis
776 2336 894 2392 nutura
913 2328 1021 2394 velere

223 2428 332 2512 possit,
355 2428 413 2493 ubi
435 2437 484 2493 est
506 2429 678 2494 coniuncta
698 2429 790 2514 gravi
811 2452 886 2495 oum
907 2452 1046 2516 corpore,
1068 2440 1108 2500 ut
1128 2457 1184 2501 aer

223 2532 414 2598 coniunctus
435 2535 529 2599 terris
551 2541 585 2598 et
607 2534 699 2598 nobis
721 2541 771 2598 est
793 2534 895 2599 animi
916 2535 988 2601 visi

266 2634 336 2700 Neo
357 2635 459 2701 nimio
480 2636 556 2702 solis
577 2636 680 2701 maior
700 2644 772 2700 rote
793 2658 852 2701 nec
874 2638 980 2703 minor
1000 2639 1095 2706 ardor

223 2764 293 2808 esse
314 2752 430 2830 potest,
453 2744 570 2809 nostris
592 2766 690 2830 quam
711 2743 859 2809 sensibus
880 2766 949 2811 esse
970 2747 1106 2815 videtur.
1229 2755 1288 2836 565

223 2869 302 2912 nam
323 2848 441 2933 quibus
461 2870 480 2914 5
502 2848 616 2934 spatiis
638 2871 776 2934 cumque
798 2849 889 2934 ignes
910 2849 1035 2917 lumina
1055 2863 1191 2939 possunt

223 2950 349 3016 adicere
370 2958 406 3016 et
427 2949 568 3016 calidum
588 2951 743 3015 membris
764 2950 884 3015 adflare
905 2974 1066 3038 vaporem,

223 3055 271 3121 nil
292 3053 350 3118 illa
369 3053 422 3118 his
442 3050 620 3118 intervallis
641 3051 682 3118 de
704 3074 833 3138 corpore
853 3052 959 3120 libant

124 3229 160 3279 ‘B
176 3226 226 3278 hus
236 3227 310 3278 vivit.
407 3225 455 3277 545
472 3226 536 3289 5515
551 3240 663 3290 quaeque
679 3227 805 3275 5555155
821 3223 871 3275 55
888 3227 929 3275 ior
943 3226 1007 3289 quid
1023 3240 1119 3290 queque
1133 3235 1226 3291 555551
1240 3245 1292 3281 m:

135 3308 340 3360 1555155555
355 3304 425 3370 givos
439 3320 511 3356 more
526 3304 924 3355 thunioinstnnoesinwhioh
940 3304 1201 3369 ABohungebtov:
1218 3308 1294 3361 when

135 3394 211 3442 55551
221 3390 326 3440 became
335 3395 417 3446 55551,
427 3388 474 3439 tho
484 3388 586 3438 further
595 3386 744 3451 oorruption
755 3390 784 3436 to
795 3393 871 3449 55551
880 3401 933 3436 555
943 3385 1085 3437 1555115515
1095 3386 1159 3438 with
1174 3388 1294 3451 oupitnls.

135 3480 211 3524 55551
222 3469 303 3522 Iasoh.
334 3471 409 3520 vetat
425 3469 571 3519 Gronovius
589 3468 641 3519 und
658 3468 695 3519 Is.
711 3469 787 3518 Voss.
805 3468 835 3517 in
850 3470 935 3517 notes.
968 3470 1029 3531 5551
1044 3483 1109 3532 quoe
1123 3470 1242 3520 adiacent
1255 3487 1294 3524 m

136 3554 230 3606 lamb.
335 3553 384 3603 555
411 3553 496 3602 uniter
513 3559 576 3614 opto
593 3551 669 3601 Pont.
686 3551 760 3601 Junt.
778 3552 819 3602 for
836 3552 921 3601 uniter
939 3556 1028 3600 555151
1062 3552 1111 3602 558
1132 3554 1217 3603 uniter
1232 3562 1295 3618 apta

135 3637 177 3688 155
193 3637 279 3686 uniter
296 3640 372 3695 rapto
387 3632 410 3681 B
425 3646 490 3681 oorr.
505 3631 576 3682 Flor.
588 3631 620 3680 51
638 3631 727 3682 cumb.
739 3633 788 3681 eto.
801 3645 831 3682 55
849 3631 907 3682 557.
943 3630 1008 3681 Mur.
1023 3629 1073 3682 hus
1089 3631 1147 3682 5551
1165 3635 1295 3688 5555551551

135 3718 216 3776 Mon,
228 3715 293 3765 then
302 3714 405 3763 written
415 3720 492 3763 aucto
502 3712 589 3772 above,
602 3712 654 3764 und
667 3713 732 3763 thou
745 3721 806 3777 apto
820 3714 849 3763 in
864 3727 957 3776 murg.;
975 3714 1064 3764 unless
1074 3714 1120 3766 the
1131 3715 1189 3766 5551
1198 3731 1294 3789 555555

135 3798 193 3849 tion
203 3797 228 3847 is
239 3797 307 3846 15555
319 3795 463 3853 Pomanus,
478 3792 524 3844 1155
540 3793 615 3844 other
630 3795 697 3844 from
712 3796 854 3846 Marullus:
871 3795 894 3845 it
904 3795 929 3845 is
939 3811 1010 3846 more
1021 3794 1086 3847 then
1097 3797 1219 3859 probsbls
1234 3797 1294 3851 11551

136 3881 272 3932 Pontnnus
286 3875 340 3926 hed
354 3875 401 3926 tho
414 3875 470 3926 ood.
481 3875 578 3926 Victor.
594 3875 623 3925 in
637 3874 681 3925 his
695 3875 780 3926 hands
796 3876 882 3927 beiore
898 3876 1038 3928 Marullus:
1055 3894 1139 3943 oomp.
1156 3881 1228 3931 1155.

168 3965 218 4015 555
246 3962 346 4026 5555551
367 3960 440 4011 Brix.
466 3961 541 4011 Pont.
565 3959 631 4011 5155.
654 3959 736 4010 elul
761 3962 837 4012 June.
858 3961 898 4011 ior
916 3966 1026 4026 pernice.
1054 3967 1159 4028 perutee
1180 3967 1295 4018 attollere

136 4044 207 4095 Flor.
217 4044 264 4092 31:
280 4056 297 4092 5
312 4055 382 4091 mero
398 4039 466 4104 ooui.
563 4040 613 4091 565
630 4042 700 4102 Quia
716 4041 809 4092 Inmb.
825 4042 855 4093 in
869 4046 954 4095 srrntu
969 4046 997 4095 to
1010 4044 1051 4095 od.
1067 4046 1091 4105 5,
1108 4045 1192 4097 Faber
1206 4045 1236 4096 in
1250 4047 1295 4098 his

40 4164 49 4176 .
136 4122 240 4176 emend.
248 4122 289 4172 155
298 4123 369 4184 Quis.
396 4121 740 4185 55155155551555515555ς
757 4125 856 4176 55555.
953 4126 1294 4179 555055155555515551

136 4203 228 4256 05555.
240 4202 316 4252 Pont.
327 4200 393 4252 5155.
404 4200 445 4251 155
457 4202 606 4251 Coniuncta.
682 4203 731 4255 557
747 4204 853 4254 Autem
866 4202 998 4271 (Adiioerc)
1010 4203 1102 4256 lumb.
1114 4207 1155 4257 155
1163 4209 1294 4260 Adicere:

135 4302 153 4338 5
169 4283 307 4337 55515ιί55
326 4283 354 4334 51
371 4282 457 4333 uhioh
471 4296 509 4334 555
526 4280 662 4334 1555515551
680 4299 710 4335 so
726 4299 808 4350 msny
824 4286 964 4350 exemplos.
1061 4289 1112 4339 555
1126 4289 1295 4341 1111155515

136 4367 280 4418 5555551115
292 4364 372 4416 Born.
383 4364 424 4416 ior
437 4365 514 4415 Nihil
527 4367 579 4415 5151
595 4366 744 4418 intervallis.
777 4368 918 4420 11115515
934 4369 974 4420 tto
990 4369 1038 4419 lut.
1055 4367 1135 4420 15515.
1167 4370 1295 4434 11151555
