3092 4984
681 256 736 321 ΠΙ
1125 258 1129 263 “
1230 282 1290 348 159

216 413 359 478 luctibus
378 411 552 498 indulges?
574 411 652 497 quid
674 420 814 477 mortem
836 415 999 500 congemis
1020 439 1058 482 ac
1080 417 1160 483 fleat

216 538 295 579 nam
314 515 415 601 gratis
436 523 587 580 anteacta
607 516 672 580 fuit
693 516 755 580 tihi
777 517 847 581 vita
867 518 1019 604 priorque
1223 538 1285 604 935

218 628 253 684 et
273 641 340 684 non
361 619 472 684 omnia
492 628 662 704 pertusum
684 630 837 705 congesta
859 624 952 707 quasi
974 624 1010 688 in
1030 648 1088 690 vas

217 721 386 788 commoda
407 722 588 806 perfluxere
609 731 707 809 atque
729 724 857 809 ingrata
879 726 1050 794 interiere:

218 848 277 891 cur
297 847 362 890 non
384 833 424 889 ut
445 825 563 910 plenus
583 826 670 890 vitae
693 828 829 892 conviva
849 829 971 894 recedis

218 949 322 1013 aequo
343 927 517 1011 animoque
538 927 627 1012 capis
648 950 802 1007 securam,
824 931 933 1007 stulte,
956 933 1123 1017 quietem?

218 1032 268 1097 sin
290 1054 329 1096 ea
350 1052 434 1115 quae
455 1030 579 1095 fluctus
601 1052 739 1118 cumque
762 1056 797 1098 es
818 1035 942 1119 periere
963 1036 1095 1120 profirsa
1222 1057 1289 1121 940

217 1118 351 1219 vitaque
372 1134 408 1197 in
430 1133 595 1211 offensust,
616 1157 674 1199 cur
695 1137 835 1221 amplius
857 1138 975 1203 addere
996 1141 1132 1225 quaeris

218 1260 347 1303 rursum
369 1236 455 1322 quod
476 1246 590 1321 pereat
611 1237 696 1301 male
718 1246 752 1301 et
773 1239 938 1323 ingratum
961 1242 1085 1306 occidat
1108 1265 1212 1318 omne,

218 1364 285 1406 non
306 1340 415 1426 potius
436 1340 523 1404 vitae
544 1339 645 1405 finem
666 1341 745 1404 facis
766 1352 865 1426 atque
888 1342 1028 1407 lahorisl

218 1468 298 1511 nam
318 1446 380 1511 tihi
401 1454 570 1530 praeterea
590 1445 677 1530 quod
698 1446 864 1511 machiner
885 1448 1123 1534 inveniamque,

220 1550 306 1636 quod
327 1550 463 1636 placeat,
483 1550 531 1614 nil
552 1558 621 1614 est:
645 1550 758 1615 eadem
782 1560 858 1615 sunt
880 1552 990 1616 omnia
1011 1575 1145 1639 semper.
1225 1570 1286 1637 945

220 1655 248 1719 si
269 1654 330 1719 tihi
352 1676 418 1718 non
440 1655 533 1718 annis
554 1676 669 1739 corpus
690 1655 757 1719 iam
778 1664 901 1720 marcet
924 1666 957 1719 et
979 1665 1069 1721 artus

220 1758 357 1824 confecti
377 1759 544 1844 languent,
567 1759 681 1824 eadem
701 1768 814 1824 tamen
836 1761 946 1824 omnia
967 1770 1102 1836 restant,

221 1860 330 1925 omnia
351 1861 378 1924 si
399 1883 514 1946 pergas
535 1861 673 1926 vivendo
695 1862 824 1926 vincere
846 1863 959 1939 saecla

220 1971 319 2047 atque
341 1962 441 2026 etiam
462 1963 580 2047 potius,
603 1962 631 2026 si
652 1985 834 2048 numquam
856 1964 900 2027 sis
921 1962 1116 2039 moriturus:

222 2064 300 2150 quid
321 2065 560 2151 respondemus,
582 2066 645 2131 nisi
667 2067 788 2131 iustam
810 2067 980 2132 intendere
1003 2067 1095 2132 litem
1227 2083 1293 2151 950

221 2178 371 2234 naturam
394 2179 428 2234 et
449 2192 559 2234 veram
580 2169 686 2234 verbis
708 2193 869 2256 exponere
891 2175 1046 2236 oeusaml

132 2287 197 2358 955
222 2272 374 2358 grandior
394 2272 448 2337 hic
470 2294 546 2337 vero
569 2272 598 2337 si
618 2273 685 2336 iam
707 2274 877 2359 seniorque
899 2284 1054 2360 queratur

7 2463 8 2476 χ
131 2392 197 2462 952
221 2384 320 2461 atque
341 2376 466 2440 obitum
490 2377 688 2441 lamentetur
710 2378 809 2442 miser
830 2379 970 2464 amplius
993 2402 1106 2465 aequo,

222 2501 288 2544 non
312 2478 428 2543 merito
450 2478 605 2543 inclamet
628 2479 732 2564 magis
755 2488 790 2544 et
813 2503 891 2545 voce
914 2481 1060 2565 increpet
1083 2481 1172 2546 acri?

132 2598 203 2667 954
225 2580 333 2645 ‘aufer
347 2580 464 2645 abhinc
478 2581 636 2657 lacrimas,
651 2582 786 2660 balatro,
801 2593 835 2648 et
849 2607 1015 2670 mmpesce
1029 2586 1196 2671 querellas
1226 2599 1288 2667 955

222 2686 333 2750 omnia
353 2686 542 2770 perfunctus
564 2687 646 2750 vitai
668 2689 814 2772 praemia
837 2711 967 2755 marces

222 2788 279 2853 sed
301 2788 380 2873 quia
402 2810 528 2873 semper
552 2809 629 2852 aves
652 2788 740 2872 quod
764 2790 863 2869 abest,
888 2792 1071 2876 praesentia
1092 2791 1223 2866 temnis,

220 2892 397 2978 inperfecta
419 2892 480 2956 tibi
504 2892 644 2977 elapsast
670 2892 862 2978 ingrataque
886 2895 956 2959 vita

222 3006 258 3064 et
281 3019 342 3062 nec
364 2997 514 3082 opinanti
535 3019 621 3062 mors
644 2997 686 3061 ad
710 3006 811 3082 caput
834 2997 962 3062 adstitit
985 3005 1064 3060 ante

221 3124 321 3187 quam
345 3110 493 3165 saturae
516 3101 633 3186 plenus
655 3102 758 3186 possis
782 3101 943 3167 discedam
968 3122 1086 3165 rerum.
1226 3100 1295 3180 960

220 3227 309 3269 nunc
330 3204 439 3268 aliena
461 3214 519 3268 tua
541 3213 653 3268 tamen
677 3212 786 3269 aetate
809 3205 920 3269 omnia
945 3204 1043 3267 mitte

222 3330 326 3394 aequo
351 3308 523 3393 animoque
546 3309 688 3394 agedum
710 3332 805 3394 mage
831 3309 876 3373 sis
899 3306 1058 3372 concede:
1084 3304 1260 3369 necessest’

130 3583 200 3634 Mar.
211 3583 309 3632 Arane.
320 3580 414 3630 hamb.
426 3580 466 3631 ed
478 3583 504 3630 9.
602 3582 651 3632 995
662 3582 732 3630 Nam
743 3582 827 3643 matis
842 3586 959 3628 coaucta
972 3579 1029 3641 fcit
1046 3579 1094 3627 tihi
1107 3580 1163 3627 vito
1175 3580 1295 3642 priorque

130 3665 185 3716 Ed.
197 3666 238 3715 lor
245 3666 280 3714 N.
291 3680 331 3726 qr.
337 3666 393 3727 fait
407 3666 454 3713 tihi
464 3666 521 3713 vita
531 3671 647 3713 calemus
656 3666 784 3726 priorque.
818 3662 934 3725 Perhaps
949 3662 1027 3711 Lucr.
1039 3664 1116 3711 wrote
1132 3663 1200 3711 Num
1213 3665 1294 3722 prata

125 3751 202 3814 fucit
212 3749 307 3811 orsiit
318 3749 365 3797 ahi
376 3750 438 3796 eet:
455 3746 501 3796 the
512 3754 530 3795 ῐι
542 3746 565 3795 is
576 3761 696 3796 common
706 3746 734 3794 in
742 3745 786 3794 old
793 3746 901 3794 unless.
934 3746 968 3794 N.
978 3747 1080 3808 pafaie
1091 3747 1151 3795 hoec
1163 3754 1245 3794 aaa„
1251 3761 1294 3809 pr.

132 3830 216 3882 Isacia
249 3831 286 3880 N.
296 3833 320 3880 ei
328 3830 435 3893 frctus.
448 3837 466 3879 t.
476 3845 502 3879 o.
513 3845 538 3878 a.
546 3845 574 3893 p,
583 3829 693 3891 Naogsr.
728 3829 797 3877 Nom
805 3830 972 3891 prmisfhm‘t
983 3831 1031 3877 cet.
1044 3828 1109 3877 Mar.
1119 3829 1193 3877 Junt.
1227 3829 1296 3876 Nam

129 3915 263 3978 putans.
275 3921 296 3962 t.
307 3928 332 3962 o.
344 3912 416 3962 Nica.
448 3913 516 3962 Nam
525 3915 639 3975 protieae
650 3914 707 3975 fuit
719 3912 799 3961 Bam.
898 3911 946 3961 941
965 3914 1080 3974 offmuat
1095 3911 1188 3960 Lamb.
1200 3911 1240 3959 lor
1256 3910 1294 3971 os·

126 3996 234 4059 sentosa.
335 3994 384 4045 942
401 3995 464 4042 mule
480 3992 543 4043 ctB
560 3993 670 4042 Flor.s1
688 3994 737 4042 etc.
749 3991 855 4053 rightly.
953 3992 1021 4039 Mau
1037 3998 1062 4039 et
1077 3992 1100 4039 A
1115 3991 1186 4039 Nice.
1204 3989 1295 4039 Camb.

132 4077 209 4127 Wak
310 4077 360 4127 949
370 4079 448 4139 finem
458 4078 529 4139 sacis
545 4076 641 4125 Arana.
661 4076 701 4124 lor
714 4076 794 4138 finem
811 4076 887 4123 iccio.
985 4075 1033 4124 945
1046 4077 1148 4137 placeat
1166 4073 1237 4122 Nice.
1256 4071 1297 4119 lor

127 4162 225 4225 placet.
326 4160 376 4210 948
390 4174 482 4222 peram
498 4159 591 4209 Lamb.
609 4159 648 4210 sd
666 4162 682 4208 9
702 4158 742 4208 lor
752 4173 850 4221 perpes.
949 4157 998 4206 950
1016 4159 1067 4205 alsi
1085 4152 1154 4205 Mar.¹
1165 4157 1239 4204 Junt.
1257 4152 1298 4200 lor

131 4242 167 4290 ui.
266 4239 316 4289 959
329 4240 395 4304 (955)
407 4238 497 4301 placed
507 4239 570 4290 hare
587 4240 644 4289 first
654 4240 689 4303 by
699 4238 782 4288 Laoh.
880 4238 927 4287 955
939 4239 1038 4285 hclatro
1054 4235 1151 4285 certain
1166 4234 1252 4283 critica
1268 4230 1299 4277 in

133 4321 249 4373 nmen,
261 4320 362 4372 advers
374 4321 467 4372 Heius.
479 4321 508 4372 in
518 4337 569 4373 ms.
581 4325 656 4374 notas
667 4323 707 4372 lor
718 4324 826 4373 barcae.
860 4321 935 4369 harde
951 4318 1033 4368 Aldl
1050 4319 1125 4367 sunt.
1136 4318 1183 4364 not
1199 4313 1266 4362 nar.

391 4548 405 4580 Ο
