3092 4984
811 323 827 386 Ι

326 480 448 547 scilicet
471 500 512 544 ex
533 476 624 541 nulla
647 476 751 541 facere
774 473 810 539 id
833 474 860 538 si
886 482 979 559 parte
1001 480 1178 559 reparcam,

324 583 446 650 occidet
469 581 511 647 ad
534 580 639 644 nilum
661 579 817 644 nimirum
838 578 986 644 funditus
1009 579 1104 644 ardor

324 685 429 752 omnis
451 692 485 749 et
509 704 526 751 s
546 682 613 747 nilo
637 682 718 747 fient
741 703 965 768 quaecumque
988 690 1147 749 creantur.

324 813 401 856 nam
425 789 651 875 quodcumque
673 786 739 851 suis
760 795 925 852 mutatum
947 786 1067 852 finibus
1089 788 1166 864 exit,
1334 788 1404 868 670

326 895 479 961 continuo
501 894 561 958 hoc
582 914 667 957 mors
690 899 739 956 est
760 891 848 957 illius
871 891 958 977 quod
979 892 1043 957 fuit
1066 900 1153 958 ante.

326 1001 461 1087 proinde
484 998 601 1084 aliquit
624 1019 776 1083 superare
800 1018 929 1061 necesse
952 1004 1003 1061 est
1025 996 1186 1062 incolume
1210 994 1289 1069 ollis,

327 1128 369 1171 ne
393 1105 454 1171 tibi
477 1126 527 1170 res
549 1103 684 1169 redeant
711 1102 751 1167 ad
777 1102 882 1167 nilum
905 1102 1053 1167 funditus
1076 1123 1187 1167 omnes

326 1211 368 1276 de
392 1210 524 1295 niloque
545 1218 661 1274 renata
681 1208 826 1293 vigescat
849 1207 942 1294 copia
965 1229 1080 1273 rerum.

326 1335 414 1377 nuno
436 1312 537 1397 igitur
559 1310 713 1395 quoniam
736 1310 914 1375 certissima
937 1331 1068 1395 corpora
1089 1309 1248 1395 quaedam
1335 1312 1400 1394 675

328 1425 404 1481 sunt
427 1438 510 1502 quae
533 1423 723 1481 conservant
747 1422 900 1480 naturam
923 1436 1050 1500 semper
1071 1414 1215 1491 eandem,

328 1541 466 1604 quorum
490 1519 582 1583 abitu
607 1526 665 1582 aut
687 1516 780 1582 aditu
804 1525 997 1603 mutatoque
1020 1516 1131 1581 ordine
1154 1526 1286 1582 mutant

329 1632 479 1689 naturam
501 1645 552 1689 res
574 1630 609 1689 et
630 1631 824 1689 convertunt
846 1645 977 1709 corpora
1000 1644 1077 1701 sese,

329 1730 408 1794 seire
431 1729 507 1794 licet
529 1751 595 1794 non
617 1750 686 1794 esse
708 1729 789 1793 haec
811 1729 907 1814 ignea
928 1749 1059 1814 corpora
1081 1749 1197 1793 rerum.

329 1833 377 1897 nil
399 1833 532 1898 referret
554 1831 641 1896 enim
665 1831 826 1916 quaedam
850 1831 1004 1896 decedere
1027 1831 1125 1908 abire,
1336 1832 1407 1898 680

330 1944 430 2021 atque
452 1935 517 1999 alia
535 1933 687 2010 adtribui,
712 1933 898 2019 mutarique
919 1933 1031 1998 ordine
1053 1933 1221 2019 quaedam,

329 2040 357 2103 si
379 2046 492 2103 tamen
516 2036 637 2101 ardoris
660 2044 813 2100 naturam
836 2044 953 2101 cuncta
974 2044 1144 2116 tenerent3

329 2141 414 2226 ignis
438 2141 526 2206 enim
547 2139 630 2205 foret
653 2138 846 2203 omnimodis
869 2137 1095 2224 quodcumque
1117 2147 1270 2204 crearent.

329 2268 452 2323 verum,
475 2254 514 2310 ut
538 2245 659 2330 opinor,
681 2244 779 2311 itast:
800 2251 876 2308 sunt
899 2243 1060 2328 quaedam
1084 2265 1213 2329 corpora
1235 2266 1372 2329 quorum

331 2373 502 2415 concursus
525 2358 633 2414 motus
658 2348 734 2414 ordo
756 2349 903 2435 positura
925 2348 1048 2434 figurae
1337 2348 1401 2431 685

331 2451 475 2516 efficiunt
498 2451 591 2538 ignis,
616 2459 809 2537 mutatoque
833 2450 944 2515 ordine
968 2458 1099 2515 mutant

331 2562 482 2621 naturam
505 2578 611 2641 neque
635 2565 713 2621 sunt
735 2556 804 2641 igni
826 2556 979 2622 simulata
1001 2578 1108 2642 neque
1131 2556 1190 2621 ulli

330 2666 499 2745 praeterea
519 2659 567 2723 rei
590 2680 674 2744 quae
698 2679 829 2744 corpora
851 2659 982 2723 mittere
1003 2659 1105 2744 possit

331 2763 477 2829 sensibus
500 2771 534 2828 et
557 2772 682 2828 nostros
704 2763 834 2829 adiectu
858 2771 991 2849 tangere
1014 2772 1131 2829 tactus.

375 2867 491 2932 Dicere
514 2889 607 2953 porro
628 2868 738 2954 ignem
761 2890 812 2934 res
836 2869 941 2934 omnis
965 2891 1033 2934 esse
1057 2890 1163 2954 neque
1184 2868 1285 2933 ullam
1338 2870 1407 2951 690

331 2991 401 3035 rem
425 2991 534 3034 veram
555 2969 591 3034 in
613 2991 748 3035 numero
770 2993 879 3036 rerum
901 2981 1046 3037 constare
1068 2971 1130 3035 nisi
1154 2970 1272 3056 ignem,

333 3075 420 3162 quod
441 3075 520 3141 facit
541 3075 595 3140 hic
617 3075 713 3153 idem,
736 3074 934 3161 perdedirum
958 3097 1026 3141 esse
1049 3075 1186 3141 videtur.

333 3202 410 3244 nam
433 3188 545 3244 contra
569 3201 680 3244 sensus
704 3180 745 3243 ab
768 3179 915 3245 sensibus
936 3180 1005 3265 ipse
1027 3189 1188 3266 repugnat

335 3293 369 3349 et
392 3283 566 3349 labefactat
589 3305 642 3348 eos
665 3283 752 3349 unde
777 3285 886 3349 omnia
907 3284 1029 3349 credita
1051 3284 1204 3369 pendent,

333 3389 421 3455 unde
442 3389 496 3453 hic
519 3388 665 3474 cognitus
690 3398 740 3453 est
762 3388 824 3473 ipsi
848 3410 945 3472 quem
968 3389 1116 3453 nominat
1139 3389 1267 3474 ignem3
1340 3389 1402 3469 695

334 3494 437 3560 credit
460 3493 548 3558 enim
572 3515 683 3558 sensus
705 3493 815 3579 ignem
839 3513 1026 3577 cognoscere
1048 3513 1132 3568 vere,

334 3605 442 3661 cetera
464 3618 530 3660 non
552 3595 662 3674 credit,
687 3619 770 3682 quae
794 3596 861 3660 nilo
885 3596 971 3661 clara
993 3596 1100 3660 minus
1124 3602 1208 3659 sunt.

248 3809 320 3852 coetu
334 3804 429 3865 stingui
446 3803 522 3853 Pont.
538 3804 651 3854 Turnat.
667 3806 759 3856 Lumb.
778 3807 818 3856 ed.
830 3808 846 3855 2
858 3806 910 3857 and
921 3810 946 3865 8,
957 3810 1006 3857 etc.
1022 3809 1062 3858 tor
1076 3815 1158 3857 cornu
1172 3808 1276 3868 stingui.
1310 3813 1406 3856 mamre

251 3885 315 3935 Mar.
333 3884 407 3935 runt.
424 3887 464 3936 ior
479 3902 584 3937 murore.
617 3887 676 3937 Ver.
693 3887 759 3938 Van.
777 3888 842 3937 Mar.
860 3888 945 3938 Aldl
965 3889 1057 3939 Lamb.
1075 3889 1115 3939 ed.
1129 3889 1143 3938 l
1158 3888 1225 3939 have
1244 3887 1367 3950 absurdly
1377 3889 1407 3936 in

251 3967 712 4030 coetmrtrinpimaaaorcqucrorpus;
730 3967 911 4018 neustorel
929 3969 1018 4018 Camb.
1034 3985 1150 4019 mamare.
1250 3968 1297 4018 668
1315 3968 1407 4031 sandi·

252 4054 292 4097 tuo
302 4046 324 4095 B
335 4059 399 4094 corr.
414 4046 455 4095 ior
464 4047 593 4109 fucatur.
621 4048 696 4097 ordor
707 4047 729 4096 A
740 4062 804 4097 corr.
816 4048 887 4098 Nico.
899 4049 939 4098 tor
949 4052 1029 4099 orbor.
1128 4051 1176 4101 674
1192 4051 1302 4111 rtqercot
1311 4047 1407 4098 Heins.

250 4127 279 4177 in
291 4129 366 4177 notes
380 4125 432 4176 aud
447 4126 527 4176 Lach.
543 4127 583 4176 for
597 4130 722 4178 vitiaret:
739 4143 822 4191 comp.
836 4132 892 4181 757.
925 4130 1114 4180 virescrtNioo.
1127 4131 1195 4192 vulg.
1273 4129 1321 4179 680
1338 4130 1407 4179 dece·

253 4213 310 4263 dere
326 4210 419 4261 hamb,
435 4210 517 4261 Lech.
534 4214 582 4261 eto.
600 4211 807 4262 fornicatore.
841 4215 963 4263 discedere
980 4213 1003 4262 A
1019 4229 1083 4263 corr.
1101 4213 1166 4262 Mar.
1183 4212 1258 4261 Junt.
1275 4213 1324 4260 eto.

286 4292 333 4343 6⁸1
349 4293 405 4342 olio
419 4291 484 4341 Mur.
499 4291 591 4342 hamb.
607 4294 675 4341 most
690 4291 786 4355 rightly
797 4293 837 4342 ior
847 4295 900 4343 olio
911 4293 995 4342 which
1006 4294 1085 4343 Lach.
1097 4293 1202 4343 retains.
1237 4291 1369 4342 Candidus
1381 4295 1410 4341 at

254 4376 306 4428 ond
316 4377 343 4427 of
358 4376 432 4427 Junt.
457 4378 510 4427 olio
521 4390 569 4439 pro
579 4376 629 4426 otii
644 4375 767 4439 positum·
801 4379 863 4428 sunt
878 4376 922 4439 qui
939 4376 1115 4445 otiovllegrmtu
1127 4374 1145 4424 i.
1155 4391 1178 4424 e.
1195 4375 1259 4424 Mar.
1360 4375 1409 4423 683
