3092 4984
201 444 285 487 nam
306 443 401 487 verae
422 443 517 487 voces
539 430 612 487 tum
634 420 766 486 demum
788 432 917 507 pectore
938 421 981 487 ab
1003 422 1069 485 imo

202 526 370 591 eiciuntur
391 535 421 593 et
443 526 581 611 eripitur
602 547 745 611 persone,
767 533 881 590 manet
902 547 960 590 res

201 628 346 714 denique
367 630 520 694 avarities
541 638 576 695 et
598 630 757 693 honorum
779 651 873 693 mesa
895 627 1012 713 cupido

203 753 293 817 quae
314 732 447 796 miseros
468 731 618 796 homines
639 739 759 816 cogunt
780 731 1006 795 transcendere
1027 729 1109 794 fines
1237 732 1281 795 60

203 837 287 901 iuris
310 846 345 902 et
366 837 532 901 interdum
554 835 656 900 socios
676 836 834 900 scelerum
856 844 956 920 atque
977 834 1141 898 ministros

203 948 319 1004 noctes
341 948 439 1024 etque
461 937 530 1003 dies
552 937 616 1001 niti
637 946 823 1022 praestante
845 937 953 1001 labore

203 1041 248 1105 ad
272 1064 415 1105 summes
438 1063 604 1126 emergere
626 1062 709 1125 opes,
730 1040 811 1104 haec
833 1040 968 1103 vulnera
989 1040 1076 1103 vitae

204 1167 275 1208 non
298 1145 467 1209 minimam
488 1154 617 1229 partem
639 1144 751 1208 mortis
773 1143 944 1207 formidine
966 1142 1107 1208 aluntur.

204 1246 314 1331 turpis
337 1247 424 1311 enim
445 1247 546 1312 ferme
569 1255 774 1332 contemptus
797 1256 831 1311 et
853 1248 933 1310 acris
955 1256 1080 1331 egestas

206 1359 336 1414 semota
355 1350 397 1414 ab
419 1350 506 1428 dulci
527 1350 599 1414 vita
620 1349 794 1434 stabilique
815 1349 968 1413 videntur

205 1461 241 1518 et
266 1454 360 1539 quasi
384 1454 451 1518 iam
474 1455 533 1519 leti
559 1464 669 1541 portes
692 1455 872 1518 cunctarier
898 1462 994 1533 ente;

206 1553 295 1619 unde
317 1555 464 1621 homines
487 1557 566 1621 dum
588 1579 624 1621 se
645 1557 725 1621 falso
746 1567 866 1621 terrore
889 1557 989 1621 coacti

208 1656 359 1742 effugisse
381 1658 495 1723 volunt
516 1660 612 1744 longe
633 1654 962 1744 longequd‘iemosse,

178 1762 366 1846 ‚snguine
388 1763 475 1826 civili
496 1785 566 1827 rem
589 1762 730 1827 conflant
751 1762 947 1847 divitiasque

208 1865 438 1951 conduplicani
460 1866 555 1943 avidi,
578 1865 710 1940 caedem
731 1867 831 1931 caede
852 1865 1114 1943 accumulantes3

208 1969 353 2035 crudeles
374 1971 518 2056 gaudent
540 1972 575 2035 in
597 1970 683 2035 tristi
705 1970 819 2034 funere
841 1968 951 2033 fratris

207 2082 242 2137 et
264 2073 541 2160 consanguineum
563 2097 690 2140 mensas
712 2076 808 2140 odere
831 2075 1027 2160 timentque.

208 2177 368 2240 consimili
389 2176 513 2242 ratione
538 2177 580 2242 ab
606 2177 720 2243 codem
744 2201 840 2264 saepe
862 2181 979 2244 timore

208 2287 350 2343 maceret
375 2279 503 2345 invidis
528 2289 607 2344 ants
630 2281 738 2346 oculos
761 2282 856 2347 illum
879 2300 955 2347 esse·
969 2287 1146 2368 potentem,

207 2380 302 2445 illum
324 2382 487 2467 suspectari,
511 2383 597 2447 claro
619 2384 677 2468 qui
699 2383 821 2448 incedit
841 2384 969 2462 honore,

207 2486 269 2571 ipsi
292 2509 328 2552 se
350 2487 386 2551 in
408 2488 551 2553 tenebris
575 2488 661 2552 volvi
684 2511 848 2574 caenoque
871 2500 1058 2575 queruntur.

207 2589 376 2654 intereunt
397 2591 517 2676 partim
541 2600 728 2656 statuarum
748 2601 783 2657 et
808 2592 947 2657 nominis
969 2616 1051 2678 ergo.

208 2701 243 2756 et
264 2714 361 2778 saepe
384 2714 487 2778 nsque
510 2693 601 2771 adeo,
624 2694 737 2759 mortis
757 2694 936 2772 formidine,
959 2696 1046 2760 vitae

113 2859 205 2910 Bentl.
304 2863 338 2911 58
355 2864 481 2911 aicium
491 2862 585 2911 hamb.
596 2861 637 2912 ed
648 2864 665 2911 2
676 2861 729 2912 and
743 2864 768 2920 3,
781 2863 835 2912 Gil.
846 2863 929 2913 Lech.
940 2864 981 2913 lor
998 2866 1147 2913 eliciuntur:
1164 2863 1211 2912 the
1228 2868 1278 2912 two

114 2942 201 2992 words
208 2942 287 3005 being
297 2943 458 3006 perpetually
468 2944 639 3003 eonionnded,
646 2944 747 3006 though
757 2948 892 2995 eliciuntur
903 2946 927 2994 is
938 2945 1049 3007 perhaps
1056 2945 1199 2995 delensible
1207 2945 1277 2994 here

113 3026 199 3075 Lneh.
221 3026 247 3074 is
268 3041 354 3089 wrong
372 3026 489 3077 however
510 3027 540 3076 in
559 3028 650 3090 ssying
668 3027 726 3077 that
746 3026 839 3076 hamb.
860 3027 981 3077 ‘tandem
999 3027 1102 3076 veritati
1121 3026 1277 3075 concedens·

114 3107 230 3170 adopted
240 3110 369 3157 eiciam
384 3108 451 3157 hom
463 3108 518 3158 Gil.
528 3106 637 3157 without
653 3108 902 3171 seknowledgment:
920 3108 949 3158 in
963 3107 1007 3157 his
1022 3107 1079 3157 first
1096 3105 1136 3156 ed.
1147 3107 1181 3156 be
1200 3107 1278 3168 keeps

114 3190 256 3238 elicitanus
273 3188 304 3237 in
321 3186 367 3237 the
384 3187 506 3245 text‚bnt
517 3187 568 3237 hss
583 3187 712 3239 thesaure
729 3190 791 3238 noto
806 3204 835 3238 ss
849 3190 879 3238 in
890 3188 931 3238 ed
942 3191 972 3237 ὃς
991 3187 1158 3237 ‘mstimsnt
1174 3186 1278 3248 quidem

113 3267 258 3331 legendnm
274 3272 469 3320 eiiciantur...et
488 3268 526 3319 ita
543 3270 642 3320 amiens
660 3284 735 3319 mene
752 3272 830 3332 putet
847 3269 985 3332 legendum
1003 3269 1033 3318 in
1050 3268 1167 3317 oratione
1180 3281 1228 3329 pro
1243 3267 1279 3315 M.

114 3351 215 3409 Caelio,
224 3367 306 3400 uenere
316 3354 398 3414 ipsam
407 3352 505 3401 Meum
515 3359 613 3409 metue.
621 3368 728 3415 aequom
738 3367 821 3401 vocem
829 3354 933 3401 eiiciat!
944 3350 988 3399 ubi
995 3348 1172 3412 wulgolegitnr
1182 3350 1277 3397 eliciat:

114 3434 161 3483 cni
171 3431 361 3495 propemodum
370 3447 440 3482 nnnc
458 3431 595 3490 mentior,
607 3431 726 3494 quemvis
738 3432 803 3482 olim
821 3432 1002 3482 dissenserim’
1013 3435 1063 3482 eet.
1095 3429 1187 3480 hamb.
1199 3444 1278 3491 angry

114 3515 218 3579 though
236 3515 407 3575 hewmwee
425 3519 540 3566 tootrne
557 3530 574 3565 a
590 3514 693 3565 scholar
708 3519 737 3565 to
753 3514 927 3565 treetGii.as
944 3512 1109 3564 (iihtrcatcd
1125 3512 1191 3562 him.
1224 3511 1278 3559 Nor

15 3626 24 3635 ·
115 3597 261 3649 ‹locswhat
272 3598 306 3647 he
322 3596 546 3660 herceaysofhis
564 3597 649 3648 friend
666 3597 784 3647 Muretus
799 3597 849 3647 call
867 3599 906 3646 ior
922 3597 968 3647 the
985 3595 1204 3661 pettymnlignity
1214 3593 1276 3643 with

114 3680 663 3733 whiehthelstterinhisrnrdectml'l
679 3682 1005 3745 spcsksolhimnlterhis
1022 3681 1109 3733 death.
1142 3689 1223 3731 mom
1238 3696 1276 3729 m

114 3761 188 3811 Flor.
197 3763 230 3811 31
248 3762 338 3811 (lamb.
350 3761 425 3810 Pont.
438 3762 504 3811 hier.
516 3762 556 3811 lor
566 3778 677 3812 manare.
776 3764 901 3826 cosmae.
928 3766 1016 3827 samoe
1027 3765 1093 3814 hier.
1104 3763 1184 3812 Aldl
1201 3746 1290 3811 June*

88 3888 92 3893 ,
115 3844 186 3913 irem
200 3844 301 3908 somne
317 3842 345 3891 oi
361 3842 432 3892 Brin
448 3843 506 3892 Ver.
525 3842 590 3892 Ven.
618 3846 694 3907 sama
710 3852 734 3894 et
752 3846 846 3895 Lamb.
945 3848 976 3897 66
994 3850 1110 3897 cidemm
1127 3844 1219 3896 Lemb.
1237 3845 1277 3893 lor

114 3927 226 3982 videtur,
238 3939 269 3973 as
279 3932 371 3973 remoto
387 3924 412 3973 ie
426 3927 499 3974 nent.
511 3925 577 3987 plur.
589 3926 724 3989 according
740 3929 767 3976 to
784 3927 830 3977 the
846 3943 924 3991 usage
934 3930 962 3978 of
976 3929 1068 3979 Ilum:
1085 3928 1131 3979 bnt
1147 3929 1168 3977 it
1178 3927 1202 3975 is
1213 3925 1275 3973 with

115 4005 197 4055 much
208 4005 290 4055 doubt
301 4005 354 4054 and
362 4005 506 4056 hesitation
517 4006 569 4056 end
580 4008 609 4056 in
620 4007 753 4059 delerenee
769 4010 831 4073 only
842 4014 870 4059 to
881 4014 930 4061 two
942 4011 1005 4061 such
1017 4010 1131 4061 seholsrs
1142 4025 1171 4059 ss
1182 4007 1275 4057 hamb.

115 4088 170 4139 end
186 4087 267 4137 Iach.
277 4087 336 4136 thet
352 4087 462 4138 Irelnse
474 4091 502 4137 to
513 4089 587 4138 allow
603 4092 630 4139 to
645 4091 722 4139 Lucr.
733 4090 781 4141 the
797 4091 891 4155 liberty
907 4092 993 4145 which
1010 4092 1055 4142 the
1074 4094 1162 4155 pnrest
1177 4089 1277 4137 writers

115 4188 189 4222 seem
200 4178 228 4221 to
238 4171 306 4222 hswe
317 4170 435 4229 claimed,
448 4172 476 4220 ol
484 4171 591 4234 making
601 4170 645 4221 the
655 4173 745 4234 partic.
753 4173 805 4222 end
817 4173 878 4223 verb
888 4174 954 4224 refer
964 4174 1026 4238 only
1037 4176 1064 4223 to
1074 4172 1119 4222 the
1128 4173 1179 4221 last
1190 4170 1217 4218 ol
1228 4172 1278 4214 two

114 4269 148 4303 er
161 4269 234 4304 inore
252 4252 438 4303 nominativos
537 4255 568 4305 72
579 4256 675 4317 fratris
694 4255 807 4305 Macrob.
826 4248 1279 4314 sst.v1215‚sunt.n0tuar.for

109 4337 219 4399 froca.
318 4336 352 4389 ‘le
361 4343 503 4386 mmmm
513 4335 583 4387 Flor.
592 4337 624 4387 sl
641 4338 731 4389 camb.
743 4352 808 4389 corr.
820 4337 880 4388 Vct.
893 4340 955 4390 1954
967 4336 1065 4389 Othob.
1077 4336 1141 4384 hier.
1152 4334 1227 4383 June.
1239 4329 1279 4376 lor

1170 4434 1191 4498 9
