3092 4984
825 306 873 371 VI

359 481 436 527 nem
458 460 535 525 facit
556 467 595 525 ut
617 480 701 544 qnae
722 458 789 524 sint
807 458 894 524 illius
915 457 1041 524 semine
1061 479 1199 545 cumque

359 587 378 629 e
399 564 530 649 regione
552 564 659 628 locum
681 562 773 648 quusi
796 562 831 627 in
853 584 958 627 unum
979 571 1096 626 cuncte
1117 562 1270 640 ferantur,

358 666 466 732 omnia
487 665 646 730 coniciens
667 664 703 729 in
725 687 801 729 eum
823 662 986 729 volventia
1007 686 1146 730 cursum.
1368 679 1432 747 345

359 768 493 833 forsitan
515 790 556 831 ex
579 767 648 852 ipso
671 766 804 831 veniens
825 765 935 830 trahat
957 788 1031 831 sere
1053 768 1213 853 quaedem

359 892 491 955 corpora
511 892 594 956 quae
616 869 719 955 plagis
741 870 920 935 incendunt
942 871 1166 936 mobilitatem.

360 974 594 1059 incolumisque
617 975 707 1038 venit
728 997 787 1059 per
808 997 858 1040 res
881 985 981 1061 etque
1003 975 1131 1061 integre
1149 976 1267 1042 transit

359 1078 471 1156 multe„
495 1078 705 1144 foraminibus
727 1079 870 1166 liquidus
892 1081 969 1166 quie
990 1082 1168 1146 transvolat
1190 1081 1281 1167 ignis

359 1181 528 1265 multaque
550 1181 730 1267 perfringit,
753 1205 829 1247 cum
851 1206 982 1269 corpore
1003 1184 1148 1248 fulminis
1170 1184 1241 1269 ipse
1365 1201 1434 1267 350

360 1284 544 1369 corporibus
566 1306 674 1348 rerum
697 1285 891 1360 inciderunt,
915 1309 980 1372 qua
1001 1294 1095 1352 texta
1115 1295 1276 1352 tenentur.

359 1387 505 1452 dissoluit
526 1410 620 1473 porro
642 1387 735 1453 facile
757 1411 811 1453 ees
833 1412 1013 1476 aurumque
1035 1400 1169 1476 repente
1197 1445 1204 1452 .

359 1490 592 1566 confervesecit‚
616 1512 634 1555 e
655 1491 763 1575 parvis
785 1492 863 1577 quie
883 1493 970 1557 fecte
986 1494 1114 1558 minute

358 1594 543 1679 corporibus
564 1595 613 1659 vis
635 1604 685 1660 est
706 1604 741 1660 et
762 1597 888 1662 levibus
910 1620 950 1662 ex
972 1598 1149 1676 elementis,

358 1719 441 1782 quae
464 1697 556 1761 facile
578 1696 787 1762 insinuantur
809 1708 844 1763 et
864 1699 1030 1765 insinuata
1050 1709 1185 1785 repente
1363 1718 1381 1783 3
1386 1719 1430 1786 55

358 1801 535 1866 dissoluont
556 1801 657 1867 nodos
680 1803 785 1866 omnis
807 1811 841 1868 et
863 1803 968 1867 vincla
989 1803 1144 1868 relaxent

358 1914 581 1991 autumnoque
603 1906 706 1991 magis
727 1906 830 1971 stellis
852 1906 1052 1992 fulgentibus
1073 1893 1152 1993 epte

358 2011 542 2078 concutitur
563 2011 643 2076 caeli
666 2011 780 2076 domus
802 2011 946 2098 undique
967 2021 1101 2097 tuteque
1122 2012 1228 2089 tellau,

359 2126 393 2181 et
415 2138 490 2181 cum
511 2126 659 2203 tempore
680 2139 715 2181 se
736 2116 815 2184 ueris
836 2116 987 2182 florentie
1007 2116 1164 2202 pendunt

358 2219 475 2304 frigore
497 2219 585 2284 enim
608 2219 727 2285 desunt
753 2219 845 2305 ignes
866 2219 1022 2305 ventique
1043 2219 1148 2285 colore
1363 2223 1435 2302 360

358 2321 515 2387 deficiunt
537 2344 643 2407 neque
666 2329 743 2387 sunt
764 2331 835 2388 tem
858 2322 958 2386 denso
981 2344 1111 2408 corpore
1133 2322 1244 2388 nubes

358 2424 580 2513 interutreque
600 2428 701 2512 igitur
723 2449 798 2492 cum
820 2428 901 2492 caeli
926 2435 1075 2513 tempore
1096 2435 1253 2506 constant,

358 2538 430 2594 tum
452 2532 560 2596 variae
581 2553 695 2596 causae
717 2540 912 2597 concurrunt
929 2532 1075 2597 fulminis
1097 2555 1216 2598 omnes

357 2656 434 2698 nam
457 2633 559 2699 fretus
581 2634 650 2718 ipse
672 2635 750 2699 anni
773 2634 946 2720 permiscet
968 2635 1069 2720 frigus
1092 2644 1122 2702 et
1143 2642 1278 2712 aestum,

358 2757 495 2822 quorum
507 2748 682 2825 utrumque
694 2761 774 2826 opus
786 2750 836 2805 cst
845 2739 1032 2806 fabricanda
1041 2741 1083 2806 ed
1094 2740 1232 2806 fulmine
1242 2740 1332 2817 nubi,
1360 2742 1428 2823 365

356 2850 396 2906 ut
414 2842 572 2909 discordie
593 2846 637 2911 eit
658 2867 767 2910 rerum
789 2867 972 2932 magnoque
994 2846 1142 2911 tumultu

357 2944 487 3030 ignibus
509 2955 543 3011 et
564 2948 670 3014 ventis
692 2948 886 3014 furibundus
908 2948 1046 3014 fluctuet
1071 2970 1134 3015 eer.

356 3061 462 3147 prima
485 3055 598 3125 celcris
621 3053 708 3117 enim
731 3073 806 3137 pers
828 3058 862 3115 et
883 3059 1047 3136 postrema
1068 3049 1191 3136 rigoris,

356 3176 487 3254 tempus
509 3159 543 3225 id
566 3166 616 3224 est
637 3178 795 3236 vemum;
817 3178 916 3241 quere
938 3177 1083 3242 pugnare
1103 3161 1265 3220 necessest

356 3264 521 3332 dissimilis
542 3284 593 3329 ree
614 3259 700 3325 inter
721 3280 755 3324 se
777 3258 973 3343 turbareque
997 3257 1126 3324 mixtos.
1359 3270 1429 3338 370

264 3470 345 3532 placa
355 3468 387 3516 εἰ.
416 3467 496 3527 playa
506 3464 540 3512 eit
551 3458 658 3510 Florel
671 3453 760 3507 (lomb.
772 3452 901 3505 ellbefcre
909 3450 989 3501 Lech.
1086 3451 1135 3503 347
1146 3449 1311 3501 incenduutB
1320 3448 1426 3513 rightly.

268 3550 387 3598 incedunt
403 3546 427 3594 A
444 3545 517 3593 Nico.
550 3543 682 3592 intendunt
701 3537 766 3585 Mur.
787 3533 868 3584 elul
885 3533 958 3582 Junt.
970 3530 1061 3581 anb.
1074 3534 1122 3580 etc.
1221 3531 1269 3581 349
1287 3532 1425 3580 tremelai

268 3629 378 3687 Neuger.
390 3626 457 3685 vulg.
469 3624 509 3672 lor
520 3625 653 3672 namuci.
687 3624 794 3667 trunwut
806 3615 860 3665 Gii.
958 3615 1007 3663 350
1019 3614 1158 3676 perfrinqit
1173 3611 1332 3661 11334131
1348 3611 1424 3660 Junt.

267 3708 335 3767 vulg.
347 3705 387 3755 for
401 3705 521 3766 perfripit
539 3703 569 3762 B,
578 3705 679 3764 perficit
690 3701 720 3759 A,
728 3699 850 3762 pertrepit
860 3696 883 3745 A
893 3710 956 3746 corr.
969 3694 1005 3744 311
1021 3695 1087 3743 lotor
1097 3707 1161 3742 mss.
1172 3693 1231 3743 Ver.
1244 3691 1323 3741 Vens
1340 3706 1424 3754 comp.

269 3789 316 3836 133
330 3784 524 3848 persrtnpemn
543 3798 607 3832 corr.
618 3782 686 3842 vulg.
701 3784 841 3844 perfiuqeru
857 3779 887 3838 A,
896 3778 1037 3841 persrtyeru
1054 3776 1084 3825 B.
1118 3774 1197 3825 Lech.
1216 3774 1295 3836 keeps
1311 3775 1423 3837 perficit,

266 3865 352 3917 which
371 3879 419 3914 cen
437 3863 530 3925 hardly
545 3862 578 3911 be
597 3861 675 3923 right.
779 3862 828 3911 357
849 3867 911 3923 apto
931 3857 1066 3908 Turnebus
1085 3856 1171 3907 Bentl.
1190 3855 1264 3905 wnk.
1284 3854 1365 3905 Lech.
1384 3855 1425 3905 lor

266 3951 330 3998 altu.
421 3945 469 3995 359
481 3959 505 3992 ee
516 3943 582 3992 veris
592 3940 928 3991 Flcr.810nmb.Mur.etc.
940 3939 1060 3990 torseris.
1092 3940 1154 3988 certe
1167 3936 1392 4002 (verieJVerNen.

298 4033 348 4082 360
366 4030 448 4079 calore
459 4026 523 4076 Mer.
536 4039 577 4086 up.
589 4024 685 4074 Victor.
702 4022 731 4070 in
749 4021 1215 4073 onv0n.A1u1Junt.loreuom.
1313 4018 1362 4068 363
1379 4019 1423 4067 ln·

267 4120 408 4174 mtreqioe
418 4106 498 4158 13313.
509 4105 550 4155 for
564 4106 634 4154 luter
644 4111 770 4163 utraeque.
875 4103 925 4154 364
941 4111 965 4153 et
980 4100 1064 4151 added
1079 4100 1188 4164 byllnr.
1205 4100 1280 4149 lunt.
1307 4099 1423 4161 srtqidm

266 4188 585 4247 33333111333043333.
618 4181 880 4234 333333311οηί3.
978 4185 1026 4235 336
1042 4182 1328 4233 conibuentem&
1339 4177 1423 4229 which

265 4281 314 4334 hes
324 4292 360 4329 nc
370 4289 454 4328 sense.
552 4269 600 4320 366
615 4270 650 4317 rit
666 4263 748 4317 added
764 4264 798 4329 by
809 4264 967 4316 11331131
984 4266 1059 4316 June.
1092 4268 1130 4315 sic
1145 4260 1359 4314 3133316331).

298 4363 346 4414 363
365 4368 397 4421 et.
408 4359 500 4423 ricerii
518 4354 582 4406 Mer.
594 4349 745 4412 Juntsulg.
764 4347 805 4397 for
822 4354 866 4404 est,
883 4349 978 4409 liparis.
1011 4346 1093 4397 Lech.
1111 4347 1190 4410 keeps
1207 4353 1252 4404 eet,
1269 4342 1322 4394 ancl
1340 4344 1380 4393 lor
1396 4343 1424 4393 id
