3092 4984
257 307 302 388 64
838 301 855 365 I

346 484 430 549 quae
453 461 607 548 quoniam
632 483 692 546 per
715 481 750 526 se
774 467 943 545 nequeunt
967 465 1122 537 constare,
1146 470 1307 526 necessest

342 566 475 632 haerere
498 565 585 629 unde
608 572 732 648 queant
756 563 848 628 nulla
872 562 999 627 ratione
1022 562 1142 629 revelli.

343 679 420 735 sunt
444 669 543 756 igitur
566 668 668 734 solida
691 666 868 754 primordia
890 667 1099 753 simplicitate

344 797 427 861 quae
449 774 593 839 minimis
617 773 738 859 stipata
763 772 938 838 cohaerent
961 773 1110 858 partibus
1133 781 1212 851 arte,
1356 773 1429 839 610

345 900 410 942 non
434 900 474 943 ex
497 878 627 942 illarum
650 884 813 941 conventu
837 875 1015 953 conciliata,

314 977 323 986 ’
347 984 403 1048 sed
427 983 530 1068 magis
553 991 686 1047 aeterna
708 980 866 1067 pollentia
889 980 1106 1066 simplicitate,

347 1086 434 1152 unde
457 1108 563 1172 neque
586 1085 682 1150 avelli
706 1086 881 1171 quicquam
905 1106 1011 1170 neque
1035 1083 1181 1149 deminui
1204 1083 1271 1148 iam

345 1188 493 1254 concedit
515 1197 633 1253 natura
655 1209 822 1252 reservans
845 1187 970 1251 semina
992 1188 1096 1251 rebus.

345 1301 514 1378 praeterea
536 1293 599 1357 nisi
622 1293 685 1357 erit
707 1292 891 1369 minimum,
915 1291 1106 1378 parvissima
1128 1313 1277 1378 quaeque
1356 1293 1424 1373 615

346 1420 477 1484 corpora
498 1399 693 1463 constabunt
716 1419 757 1462 ex
780 1397 929 1483 partibus
954 1395 1100 1472 infinitis,

345 1502 465 1587 quippe
489 1503 546 1566 ubi
569 1502 723 1566 dimidiae
745 1502 847 1587 partis
869 1524 944 1587 pars
967 1523 1094 1586 semper
1116 1500 1250 1566 hebebit

346 1604 514 1669 dimidiam
537 1612 665 1689 partem
688 1626 748 1668 nec
771 1626 823 1668 res
846 1602 1017 1689 praefiniet
1041 1603 1116 1668 ulla

345 1730 420 1794 ergo
444 1731 552 1773 rerum
576 1708 663 1773 inter
685 1731 846 1774 summam
868 1708 1103 1792 minimamque
1127 1707 1206 1794 quid
1229 1708 1331 1774 escitl

346 1811 394 1877 nil
417 1812 480 1877 erit
502 1821 542 1877 ut
564 1812 683 1895 distet3
706 1836 784 1878 nam
808 1813 956 1898 quamvis
980 1811 1127 1899 funditus
1151 1811 1255 1877 omnis
1353 1813 1426 1878 620

345 1938 473 1981 summa
495 1915 539 1980 sit
562 1915 700 1993 infinita,
724 1924 845 1993 tamen,
871 1914 1061 1999 parvissima
1084 1935 1167 2000 quae
1191 1922 1276 1993 suut,

346 2044 387 2086 ex
410 2020 546 2086 infinitis
569 2021 765 2086 constabunt
788 2020 936 2105 partibus
959 2041 1071 2105 aeque.

347 2125 434 2212 quod
458 2123 611 2211 quoniam
635 2122 718 2187 ratio
742 2122 897 2187 reclamat
920 2143 998 2186 vera
1020 2130 1184 2207 negatque

346 2230 473 2295 credere
493 2251 586 2315 posse
608 2227 764 2304 animum,
787 2226 892 2291 victus
918 2226 1039 2291 fateare
1061 2234 1221 2291 necessest

346 2353 415 2397 esse
437 2353 476 2396 aa
498 2353 581 2416 quae
603 2329 701 2393 nullis
722 2329 789 2393 iam
811 2328 958 2414 praedita
978 2328 1125 2414 partibus
1147 2336 1260 2394 extent
1352 2330 1419 2411 625

347 2442 382 2499 et
403 2434 540 2497 minima
560 2440 710 2502 constent
731 2441 856 2497 natura
879 2455 962 2518 quae
984 2434 1138 2519 quoniam
1158 2441 1244 2511 sunt,

346 2536 403 2600 illa
424 2557 553 2621 quoque
574 2556 642 2599 esse
664 2533 726 2598 tibi
748 2534 850 2598 solida
873 2543 972 2620 atque
994 2544 1127 2601 aeterna
1147 2536 1323 2602 fatendum.

346 2639 487 2725 denique
509 2638 536 2703 si
557 2638 710 2703 minimas
731 2638 767 2702 in
789 2639 892 2725 partis
915 2649 1033 2705 cuncta
1053 2640 1169 2705 resolvi

346 2766 460 2830 cogere
480 2751 664 2808 consuesset
686 2765 795 2808 rerum
816 2753 936 2809 natura
957 2745 1105 2824 creatrix,

347 2850 413 2915 iam
435 2848 483 2912 nil
505 2870 545 2913 ex
566 2846 631 2912 illis
652 2848 766 2913 eadem
788 2871 937 2935 reparare
959 2850 1082 2916 valeret
1352 2849 1422 2932 630

346 2962 518 3041 propterea
540 2952 624 3038 quia,
648 2975 731 3039 quae
753 2954 852 3019 nullis
875 2962 952 3019 sunt
972 2955 1120 3040 partibus
1142 2963 1246 3035 aucta,

265 3098 268 3105 ‚
347 3081 413 3127 non
433 3064 568 3145 possunt
591 3078 630 3122 ea
653 3078 737 3143 quae
760 3057 858 3123 debet
883 3059 1035 3145 genitalis
1058 3060 1178 3125 habere

347 3161 507 3237 materies,
529 3159 634 3224 varios
657 3180 797 3225 conexus
819 3161 963 3246 pondera
983 3161 1096 3248 plagas

346 3287 517 3333 concursus
540 3274 657 3340 motus,
681 3285 739 3350 per
763 3286 846 3350 quae
869 3288 920 3331 res
943 3287 1092 3351 quaeque
1111 3274 1276 3352 geruntur.

391 3373 596 3458 Quapropter
618 3368 675 3455 qui
698 3369 869 3435 materiem
891 3392 999 3436 rerum
1023 3392 1090 3435 esse
1111 3379 1271 3456 putarunt
1352 3372 1394 3453 63
1399 3387 1416 3455 5

347 3478 457 3564 iguem
480 3483 578 3560 atque
601 3472 731 3559 exigui
754 3497 915 3539 summam
938 3475 1110 3540 consistere
1132 3476 1207 3552 solo,
1326 3528 1329 3535 .

347 3601 466 3664 magno
488 3598 584 3663 opere
606 3598 627 3640 a
647 3598 724 3642 vera
745 3576 828 3663 lapsi
850 3577 976 3642 ratione
997 3576 1158 3642 videntur.

348 3679 535 3745 Heraclitus
556 3677 620 3742 init
641 3699 779 3762 quorum
800 3678 868 3742 dux
888 3679 1010 3765 proelia
1030 3679 1162 3766 primus,

348 3782 451 3847 clarus
473 3781 509 3847 ob
531 3781 698 3845 obscuram
721 3781 867 3866 linguam
888 3783 991 3869 magis
1014 3784 1100 3849 inter
1120 3783 1225 3849 inanis

349 3882 489 3970 quamde
510 3880 616 3967 gravis
638 3881 724 3947 inter
745 3882 858 3947 Graios
880 3884 937 3969 qui
959 3907 1036 3950 vera
1056 3887 1235 3972 requirunt.
1352 3886 1420 3967 640

262 4106 297 4171 by
306 4106 342 4156 all
359 4077 515 4167 aubicqucnt
530 4105 625 4156 editors
639 4107 786 4172 perrerrely
795 4109 871 4159 reads
884 4112 913 4160 oi
927 4110 968 4161 lor
981 4112 1014 4171 at,
1028 4114 1114 4163 maus
1129 4112 1170 4163 lor
1182 4113 1270 4163 mua.
1368 4110 1419 4163 608

262 4189 335 4238 natm
348 4185 418 4235 Flcr.
428 4186 460 4235 al
471 4185 532 4236 Ver.
548 4185 613 4236 Ven.
629 4189 678 4237 etc.
695 4187 736 4237 for
750 4190 815 4238 ullo·
843 4197 872 4238 at
887 4199 1011 4254 nequeant
1026 4194 1083 4242 alto
1098 4193 1122 4242 B
1138 4207 1203 4242 corr.
1215 4191 1301 4242 which
1314 4206 1375 4255 may
1385 4193 1419 4245 be

263 4270 341 4333 right.
444 4268 491 4319 ala
507 4271 564 4331 tom,
574 4268 643 4318 Flos.
660 4270 691 4320 al
708 4269 767 4321 Ver.
783 4271 847 4322 Ven.
863 4276 912 4322 etc.
928 4273 969 4324 for
982 4281 1041 4323 tona
1145 4276 1194 4326 626
1209 4282 1319 4325 consuat
1336 4274 1418 4326 Aldu

263 4351 337 4402 Junt.
348 4350 389 4401 lor
398 4357 518 4401 comtum.
609 4350 657 4402 634
674 4367 737 4415 orsae
748 4368 788 4403 m
798 4352 863 4403 Mar.
875 4353 948 4404 Junt.
961 4354 1001 4404 for
1011 4371 1073 4418 psus
1082 4370 1129 4405 res·
1228 4355 1277 4406 6³9
1292 4356 1323 4405 ob
1335 4354 1420 4409 added
