3092 4984
812 258 849 323 II

337 415 462 483 semine
482 438 557 485 cum
577 439 672 504 porro
693 416 825 493 distent,
847 414 975 479 differre
997 423 1163 481 necessust

337 519 509 584 intervella
529 519 598 584 vine
619 540 760 585 conexus
781 516 925 604 pondera
944 516 1057 602 plagas

336 644 508 689 concursus
528 629 645 700 motus,
668 644 752 709 quse
773 644 840 686 non
862 620 1015 686 animnlie
1036 621 1140 687 solum

336 748 468 813 corpore
488 726 672 813 seiungunt,
694 726 752 791 sed
772 734 875 791 terras
895 748 933 791 ec
954 747 1044 791 mare
1064 734 1173 792 totum

337 837 509 895 secernunt
530 830 720 915 caelumque
742 852 763 894 e
784 829 878 895 terris
904 850 999 894 omne
1022 834 1197 894 retentent

381 935 479 999 Nune
502 956 562 1021 nge
585 934 673 1001 dicte
693 956 766 1000 meo
788 933 875 999 dulci
897 934 1045 1020 quaesite
1065 933 1174 999 labore

337 1036 475 1123 percipe,
497 1061 539 1103 ne
561 1037 643 1103 forte
665 1038 744 1103 beec
766 1038 848 1102 albis
870 1060 910 1103 ex
933 1038 1008 1103 elba
1028 1038 1128 1103 rearis

336 1140 502 1227 principiis
526 1162 603 1217 esse,
627 1147 703 1205 aute
726 1140 834 1205 oculos
857 1162 940 1225 quae
964 1139 1101 1205 candide
1125 1137 1236 1217 cernis,

338 1252 397 1309 eut
422 1266 461 1310 ee
483 1266 567 1329 quse
590 1243 721 1330 nigrant
744 1243 837 1329 nigro
860 1243 901 1309 de
932 1242 1056 1312 semine
1079 1250 1174 1323 nnte3

337 1347 412 1411 nive
434 1347 535 1411 elium
557 1347 704 1432 quemvis
726 1368 811 1432 quae
834 1354 912 1411 sunt
935 1345 1052 1411 inbuta
1072 1347 1219 1423 colorem,

337 1457 508 1536 propterea
528 1471 638 1536 gerere
661 1449 748 1515 hune
771 1450 890 1524 credes,
914 1448 1001 1534 quod
1024 1448 1172 1514 materiei

338 1572 470 1636 corpora
492 1542 651 1617 consimili
671 1550 737 1616 sint
760 1552 831 1616 eius
852 1552 957 1617 tincta
979 1552 1091 1618 colore.

338 1655 446 1719 nullus
467 1655 556 1720 enim
577 1656 662 1720 color
683 1665 733 1720 est
757 1656 889 1721 omnino
912 1656 1060 1722 materiai

337 1755 529 1841 corporibus,
552 1778 658 1841 neque
679 1779 739 1842 per
759 1758 856 1822 rebus
878 1779 984 1843 neque
1008 1756 1148 1842 denique
1169 1757 1284 1843 disper.

338 1858 374 1922 in
396 1880 480 1943 quae
502 1881 633 1944 corpore
654 1860 682 1924 si
703 1861 813 1925 nullus
835 1861 897 1926 tibi
920 1861 1003 1926 forte
1025 1861 1155 1926 videtur

246 1958 252 1965 ’
338 1983 430 2048 posse
453 1962 555 2026 enimi
578 1963 716 2029 iniectus
739 1964 818 2042 fieri,
845 1965 956 2050 procul
980 1964 1071 2029 evius
1095 1986 1189 2030 erres.
1266 1972 1270 1979 ’

339 2090 416 2132 nem
438 2091 512 2134 eum
536 2068 706 2153 caecigeni,
729 2068 805 2133 solis
827 2068 884 2153 qui
910 2067 1036 2132 lumine
1057 2089 1238 2154 numquam

339 2170 515 2257 disponere,
539 2180 649 2237 temen
673 2180 865 2257 cognoscent
886 2194 1018 2258 corpora
1037 2179 1137 2250 tectu,

255 2290 319 2359 744
340 2275 420 2340 seim
441 2275 517 2341 licet
539 2284 668 2341 nostrae
690 2299 819 2363 quoque
842 2276 947 2342 menti
968 2298 1100 2362 corpore
1120 2299 1214 2363 posse

339 2378 424 2443 vorti
446 2379 481 2444 in
502 2379 652 2444 notitiam
677 2380 767 2445 nullo
791 2380 972 2445 circumlita
992 2381 1074 2446 fuco.

339 2480 479 2567 denique
501 2481 643 2567 nosipsi
668 2483 770 2547 eeecis
793 2505 1016 2569 quaecumque
1038 2485 1181 2550 tenebris

337 2583 510 2668 tangimus,
533 2585 621 2650 bend
644 2586 711 2651 ullo
733 2586 891 2651 sentimus
913 2587 1016 2652 tincta
1038 2588 1149 2653 colore.

339 2686 426 2771 quod
449 2688 603 2771 quoniam
626 2689 720 2754 vinco
743 2689 822 2767 fieri,
845 2712 932 2755 nunc
954 2713 1023 2756 esse
1045 2691 1165 2757 docebo

254 2804 316 2872 743
340 2810 380 2853 ex
401 2789 535 2854 ineunte
557 2813 636 2856 sevo
658 2793 748 2858 nullo
770 2792 941 2858 coniuncte
963 2794 1074 2860 colore

253 2908 319 2976 749
341 2893 444 2958 omnis
466 2892 555 2958 enim
576 2896 662 2960 color
683 2896 816 2960 omnino
838 2904 986 2961 mutetur
1007 2897 1043 2962 in
1065 2896 1186 2977 omnis;

339 3000 426 3086 quod
448 2999 552 3065 iecere
575 2999 662 3066 bend
684 3001 752 3066 ullo
774 3002 896 3067 debent
918 3001 1094 3087 primordie
1116 3011 1228 3088 pectc;

340 3103 543 3170 immutabile
566 3104 654 3169 enim
677 3104 834 3189 quiddam
855 3127 1006 3191 superero
1027 3113 1195 3185 necessest,

339 3231 381 3275 ne
402 3231 454 3275 res
476 3207 518 3274 ed
539 3209 644 3273 nilum
666 3209 854 3295 redigentur
873 3208 1022 3274 funditus
1045 3232 1164 3276 omnes

339 3336 417 3379 nem
437 3313 662 3399 quodcumque
685 3314 750 3378 suis
772 3319 937 3376 mutatum
960 3313 1079 3377 finibus
1104 3314 1180 3392 exit,
1251 3310 1253 3315 ’

250 3450 253 3459 ·
338 3417 493 3484 continuo
510 3417 575 3482 boc
596 3439 682 3483 mors
704 3425 756 3483 est
778 3416 866 3481 illins
888 3416 976 3500 quod
997 3416 1062 3482 luit
1083 3426 1169 3482 ente.

251 3663 301 3714 hcc
311 3678 346 3714 no
356 3665 487 3729 mcming.
565 3669 612 3722 721
623 3672 791 3733 impuneque
802 3672 876 3722 lunt.
887 3672 929 3723 lor
936 3674 974 3723 ito
985 3687 1096 3737 eumpse.
1175 3673 1223 3725 774
1234 3681 1349 3724 conemur
1359 3675 1410 3725 Ed.

217 3760 220 3767 ¹
251 3751 361 3795 cenarem
370 3745 416 3794 AB
427 3747 497 3809 vulg.
511 3746 604 3798 heb:
622 3763 666 3799 sce
677 3751 724 3802 887
735 3751 788 3800 and
800 3752 856 3803 694.
922 3754 971 3805 784
981 3756 1086 3804 colorem
1096 3751 1167 3804 Nice.
1179 3753 1248 3817 vulg.
1259 3754 1301 3804 lor
1314 3758 1409 3805 colore:

251 3824 342 3876 Inmb.
358 3826 410 3876 end
423 3826 503 3878 Indu
520 3827 589 3892 deny
602 3828 660 3879 thet
676 3832 770 3881 imbuta
788 3835 893 3883 colorem
908 3833 933 3883 is
946 3835 1039 3894 Ictim
1055 3835 1104 3885 but
1117 3835 1147 3885 in
1161 3849 1207 3899 my
1217 3835 1295 3885 smnll
1309 3835 1409 3886 edition

250 3904 399 3956 Iobserved
410 3906 468 3957 thet
482 3910 581 3959 incocta
594 3912 723 3962 πιὺονίὺω
737 3911 761 3963 is
776 3913 822 3964 tbe
837 3928 958 3966 common
972 3917 1052 3967 Intin
1066 3916 1255 3976 constructicm
1271 3919 1316 3980 yet
1327 3917 1410 3981 virgil

250 3985 300 4039 hes
311 3985 368 4036 said
378 3989 468 4053 Tyrios
479 3992 577 4040 incocta
587 3994 694 4043 rubores
727 3994 807 4045 Lech.
820 3995 895 4046 rende
906 3998 972 4048 Nive
982 4001 1063 4049 αῑίιιηι
1072 4002 1181 4061 paemen
1192 4015 1240 4063 quo
1250 4006 1308 4048 cunt
1320 4001 1410 4049 inbuta

250 4071 338 4127 colore,
349 4072 399 4120 cet.
430 4071 484 4121 Bnt
495 4070 541 4120 the
550 4071 711 4125 nominative
719 4092 784 4139 qnae
795 4077 819 4128 is
831 4077 975 4143 absolutely
985 4080 1105 4143 required
1114 4080 1185 4131 here.
1215 4083 1305 4131 imum
1317 4079 1409 4130 Immb.

251 4150 291 4200 lor
301 4151 397 4200 eibum.
495 4152 542 4203 741
561 4155 656 4204 hmine
666 4154 775 4207 moesi
787 4158 878 4210 Ccmb.
889 4163 938 4210 etc.
947 4161 987 4211 lor
998 4165 1110 4213 numine.
1209 4164 1257 4215 742
1274 4163 1410 4225 ὒίῳασο

251 4233 322 4283 Nice.
333 4247 398 4283 corr.
409 4233 505 4285 Arene.
521 4235 562 4285 lor
575 4237 723 4300 Despesere.
750 4242 873 4306 depectere
888 4241 963 4293 sunt.
979 4244 1071 4294 lamb.
1170 4246 1218 4298 748
1237 4246 1306 4310 (748)
1324 4246 1409 4295 buns-

250 4314 335 4367 lerred
343 4314 432 4367 bitber
442 4315 476 4379 by
486 4317 573 4368 Bentl.
584 4316 637 4369 end
646 4318 726 4371 Lech.
832 4324 881 4375 749
897 4327 925 4375 in
935 4328 1014 4376 omnir
1024 4325 1094 4376 Flor.
1101 4325 1134 4377 sl
1146 4325 1236 4377 Gsmb.
1247 4326 1358 4389 Ncnger.
1369 4326 1410 4377 lor
