3092 4984
352 504 460 548 noenu
481 488 595 568 petest
618 474 718 567 igitur
738 483 929 568 parvissima
950 474 1081 568 cerpora
1101 505 1259 570 proquam

352 594 386 651 et
407 585 570 650 levissima
590 595 675 665 sunt,
698 586 747 651 ita
766 587 948 651 mobilitate
967 587 1139 667 fruuntur3
1358 606 1424 654 200

353 695 387 753 at
410 697 521 753 contra
542 709 765 773 quaecumque
788 689 891 774 magis
913 710 987 753 cum
1009 688 1150 774 pondere
1173 712 1291 776 magno

352 812 528 875 asperaque
550 790 769 869 inveniuntur,
794 814 832 856 00
854 792 1000 856 stabilita
1021 793 1124 878 magis
1147 801 1232 857 sunt.

352 917 439 959 nunc
460 896 560 981 igitur
582 897 735 982 queniam
757 906 803 962 eat
824 895 925 961 animi
947 905 1065 961 natura
1085 906 1215 984 reperta

352 998 480 1062 mobilis
500 999 636 1084 egregie,
658 1020 815 1084 perquam
837 1006 982 1063 constare
1002 1008 1162 1064 necessest

352 1102 536 1188 corporibus
557 1102 664 1187 parvis
686 1111 720 1167 et
741 1103 867 1167 levibus
889 1111 988 1188 atque
1010 1102 1167 1167 rutundis.
1360 1119 1421 1185 205

352 1227 436 1289 quae
458 1206 519 1270 tibi
542 1207 671 1291 cognita
691 1229 742 1271 res
765 1206 799 1270 in
822 1206 942 1282 multis,
965 1229 984 1270 0
1006 1207 1099 1282 bene,
1122 1206 1218 1271 rebus

352 1307 443 1372 utilis
465 1308 651 1373 invenietur
672 1317 707 1374 et
729 1316 912 1394 opportuna
933 1308 1062 1372 cluebit.

351 1409 431 1474 haec
453 1432 581 1495 quoque
604 1433 654 1475 res
677 1411 777 1475 etiam
800 1418 952 1474 naturam
974 1409 1102 1475 dedicat
1124 1410 1201 1486 eius,

352 1534 450 1596 quam
473 1512 565 1575 tenui
587 1522 711 1577 constet
733 1522 865 1576 textura
886 1534 1048 1598 quamque
1071 1514 1139 1578 loeo
1161 1536 1195 1578 se

352 1614 516 1678 contineat
538 1636 644 1699 parvo,
668 1615 695 1679 si
717 1616 818 1700 possit
840 1616 1079 1701 conglomerare,
1359 1635 1425 1686 210

352 1723 438 1809 quod
460 1723 557 1788 simul
579 1732 677 1809 atque
699 1724 867 1789 hominem
889 1724 947 1789 leti
969 1746 1081 1789 secura
1102 1724 1193 1809 quies
1215 1731 1265 1789 est

352 1826 485 1912 indepta
507 1835 606 1913 atque
628 1827 729 1892 animi
750 1837 870 1892 natura
891 1828 1084 1913 animaeque
1105 1829 1242 1907 recessit,

352 1931 399 1994 nil
421 1931 468 1994 ibi
490 1930 629 1995 libatum
651 1930 692 1994 de
714 1939 785 1995 1010
807 1953 937 2016 corpore
959 1954 1092 2011 cernas,

352 2035 393 2099 ad
415 2036 563 2121 speciem,
585 2035 632 2099 nil
655 2035 696 2099 ad
718 2035 864 2119 pondus:
888 2058 974 2101 mors
996 2035 1105 2102 omnia
1126 2044 1268 2121 praestat

351 2138 485 2203 vitalem
506 2147 635 2225 praeter
655 2161 785 2204 sensum
807 2139 1011 2225 calidumque
1033 2162 1193 2225 vaporem.
1356 2157 1419 2224 215

351 2264 427 2327 ergo
449 2243 591 2307 animam
613 2251 718 2307 totam
739 2242 904 2328 perparvis
927 2265 995 2307 esse
1017 2252 1177 2308 necessest

351 2345 536 2422 seminibus,
558 2367 676 2409 nexam
698 2368 756 2430 per
777 2368 875 2410 venas
897 2345 1019 2411 viscera
1040 2368 1172 2426 nervos;

351 2457 520 2534 quatenus,
544 2449 648 2513 omnis
670 2449 728 2513 ubi
749 2472 767 2514 e
790 2458 860 2515 1010
881 2449 947 2514 iam
969 2472 1099 2536 corpore
1121 2451 1225 2530 cessit,

351 2551 474 2617 extima
495 2554 714 2619 membrorum
736 2553 989 2620 circumcaesura
1010 2565 1122 2621 tamen
1147 2579 1181 2620 se

351 2655 546 2721 incolumem
567 2665 712 2743 praestat
733 2681 794 2723 nec
816 2659 895 2725 defit
917 2659 1067 2744 ponderis
1090 2659 1205 2724 hilum.
1357 2677 1426 2727 220

351 2758 437 2845 quod
459 2781 561 2844 genus
584 2768 633 2825 est
654 2761 773 2825 Bacchi
796 2783 870 2825 cum
892 2761 951 2825 flos
974 2761 1107 2826 evanuit
1128 2769 1186 2826 aut
1209 2782 1284 2825 cum

350 2862 482 2948 spiritus
504 2863 664 2949 unguenti
687 2864 794 2929 suavis
816 2863 945 2949 diffugit
967 2863 1118 2929 in‘auras

350 2975 409 3031 aut
429 2967 537 3053 aliquo
560 2990 634 3032 cum
656 2967 722 3032 iam
744 2991 839 3034 sucus
861 2969 901 3034 de
924 2992 1053 3055 corpore
1076 2969 1190 3049 cessit;

339 3069 398 3158 ‚nil
420 3070 520 3134 oculis
541 3079 652 3136 tamen
675 3092 743 3136 esse
767 3072 872 3137 minor
894 3095 944 3138 res
966 3073 1037 3159 ipsa
1059 3073 1187 3139 videtur

351 3182 521 3260 prepterea
542 3197 648 3260 neque
669 3174 852 3239 detractum
875 3174 1079 3267 dependere
1102 3177 1284 3262 quicquam,
1356 3192 1420 3259 225

349 3279 505 3344 nimirum
526 3280 604 3365 quia
625 3279 730 3344 multa
751 3279 942 3364 minutaque
965 3280 1089 3344 semina
1111 3301 1201 3344 sucos

349 3382 494 3448 efficiunt
516 3391 551 3448 et
572 3381 702 3448 oderem
723 3383 758 3445 in
781 3391 850 3447 1010
872 3404 1001 3467 corpore
1022 3406 1139 3448 rerum.

350 3513 449 3576 quare
471 3490 571 3556 etiam
594 3498 693 3576 atque
715 3490 815 3555 etiam
838 3489 957 3554 mentis
978 3498 1131 3554 naturam
1152 3489 1344 3577 animaeque

260 3736 928 3802 01112Β10011100011.198010001000
939 3750 1003 3788 mes.
1036 3734 1246 3787 00000100
1257 3736 1316 3786 that
1328 3736 1358 3786 in
1371 3735 1422 3788 the

261 3817 351 3869 letters
362 3833 435 3875 rrcnn
447 3819 492 3869 the
502 3820 564 3870 verb
575 3832 684 3869 000000
694 3819 781 3870 lurks:
798 3820 827 3870 in
838 3823 887 3871 236
898 3836 961 3871 mes.
973 3823 1151 3883 matroneum·
1165 3820 1205 3869 for
1219 3821 1299 3869 00110
1309 3823 1420 3869 moveri:

261 3899 295 3950 he
306 3899 380 3950 reads
391 3903 477 3950 cauru'
488 3915 594 3950 movere:
611 3899 659 3949 101
669 3900 773 3951 whence
784 3916 870 3951 eomes
881 3901 927 3952 the
937 3905 995 3965 spi?
1012 3903 1025 3950 1
1037 3901 1103 3950 have
1111 3900 1240 3950 therefore
1251 3900 1354 3949 written
1365 3902 1421 3963 ipse

260 3984 330 4032 eune’
342 3996 445 4031 mcum.
478 3983 582 4044 spiritus
593 3996 653 4031 acer
662 3981 757 4032 Lech:
774 3983 822 4032 but
833 3982 878 4033 tha
895 3985 1017 4032 sentence
1027 3982 1142 4045 requires
1154 3995 1170 4031 a
1180 3980 1250 4030 verb.
1283 3982 1421 4043 epicla-um

260 4062 313 4113 and
322 4061 369 4112 the
376 4061 428 4111 like
440 4061 467 4111 of
477 4060 549 4113 older
556 4061 652 4111 editors
663 4077 706 4113 are
717 4063 821 4113 ebenrd.
854 4066 991 4113 00010001
1003 4064 1121 4113 Muretus
1135 4064 1175 4111 tor
1184 4064 1321 4112 coniectum
1332 4061 1420 4110 which

260 4144 352 4196 Lamb.
369 4157 494 4206 approres
508 4134 578 4192 0110
593 4142 636 4192 hie
652 4146 728 4193 notes
740 4145 793 4194 and
808 4144 890 4194 Lech.
905 4144 1002 4208 rightly
1018 4144 1119 4207 adopts.
1218 4144 1266 4191 203
1283 4149 1318 4191 eet
1335 4141 1421 4192 added

260 4230 326 4281 atter
337 4229 454 4293 queniam
463 4225 498 4290 by
508 4226 584 4275 Pont.
593 4225 658 4276 Mar.
670 4226 751 4277 Aldl
768 4227 842 4276 1001.
877 4227 937 4277 Itis
948 4227 1030 4278 added
1042 4227 1125 4277 attha
1136 4226 1188 4277 end
1204 4226 1286 4275 01110
1296 4241 1371 4275 verse
1386 4226 1421 4289 by

260 4312 330 4363 mor.
340 4312 371 4361 sl
389 4308 479 4360 Camb.
578 4309 627 4358 210
637 4310 660 4358 si
671 4309 711 4358 ior
721 4325 746 4357 ae
756 4308 828 4358 Nicc.
841 4308 912 4358 Mon.
924 4309 983 4359 Ver.
995 4308 1061 4359 Ven.
1072 4312 1118 4358 001
1127 4308 1196 4358 Flor.
1205 4309 1236 4356 31
1249 4323 1278 4357 or
1286 4306 1377 4356 Camb.

292 4393 340 4444 221
351 4393 398 4443 Nil
408 4393 495 4443 oculis⁸
530 4389 592 4454 ‘leq
608 4391 673 4440 ailo'
686 4388 780 4440 Heius.
793 4388 821 4438 in
839 4402 889 4438 me.
905 4392 989 4439 netes.
1080 4390 1136 4440 ’227
1153 4403 1241 4439 reram.
1274 4390 1313 4438 rei
1325 4387 1420 4447 Lech..
