3092 4984
826 304 844 369 Ι

345 456 470 524 semine
492 477 576 542 quoe
598 476 707 521 rerum
729 455 971 543 primordiaque
993 480 1062 524 esse
1086 460 1246 543 docemus,

344 563 431 627 unde
457 560 562 626 omnis
587 581 696 625 rerum
719 582 807 625 nnnc
832 569 958 626 constet
981 586 1110 629 summa
1135 575 1249 631 creste

371 666 549 753 ,Principio
573 664 728 750 quoniam
753 664 875 750 duplex
901 674 1020 733 nutura
1043 668 1182 733 duarum

343 772 508 838 dissimilis
531 793 640 836 rerum
661 771 757 856 longe
779 779 927 836 constare
947 780 1117 856 repertast,

343 876 482 963 corporis
502 884 602 961 atque
623 874 692 952 loci,
714 897 766 940 res
788 875 823 940 in
846 898 910 961 quo
932 898 1082 962 quaeque
1102 888 1268 963 geruntur,
1347 894 1407 963 505

343 1004 413 1047 esse
435 988 609 1064 utramque
633 978 696 1043 sibi
721 1000 782 1064 per
804 1000 839 1043 se
863 1000 1044 1064 puramque
1068 990 1235 1047 necessest.

342 1109 420 1153 nam
442 1105 647 1171 quocumque
667 1092 761 1148 vacat
780 1083 931 1168 spatium,
949 1084 1036 1170 quod
1058 1085 1156 1151 inune
1178 1108 1336 1165 vocamus,

342 1211 456 1275 corpus
481 1210 521 1275 ee
542 1209 609 1254 non
633 1197 702 1268 est3
726 1209 793 1273 quo
820 1210 913 1274 porro
937 1211 1076 1274 cumque
1099 1198 1192 1256 tenet
1215 1213 1249 1256 se

279 1327 284 1339 ·
341 1314 463 1378 corpus,
491 1313 530 1356 ee
552 1312 691 1355 vacuum
716 1312 924 1377 nequaquam
950 1302 1078 1358 constat
1099 1293 1206 1361 inane.

341 1405 417 1463 sunt
439 1395 538 1481 igitur
563 1393 666 1459 solido
689 1416 727 1460 ec
749 1396 819 1460 sine
844 1396 935 1461 inani
958 1419 1091 1482 corpore
1116 1400 1229 1485 primo.
1343 1415 1410 1482 510

340 1510 508 1589 praeterea
532 1499 685 1584 quonium
708 1498 828 1589 genitis
853 1501 888 1565 in
911 1502 1008 1566 rebus
1034 1503 1169 1580 inanest,

339 1605 509 1672 materiem
534 1603 652 1668 circum
679 1601 815 1666 solidam
839 1613 985 1669 constare
1009 1615 1176 1683 necessest,

238 1742 243 1747 ·
340 1731 400 1774 nee
424 1729 475 1772 res
497 1705 565 1770 ulle
587 1712 696 1790 potest
719 1726 796 1769 veru
818 1705 944 1770 ratione
966 1706 1095 1791 probari

340 1834 471 1899 corpore
493 1810 589 1875 inane
613 1831 672 1874 suo
695 1809 799 1874 celere
823 1818 922 1895 atque
937 1809 1026 1874 intus
1052 1810 1178 1888 habere,

340 1918 368 1983 si
389 1939 463 1994 uon
489 1913 576 2001 qnod
599 1914 738 2003 cohibet,
765 1913 905 1979 solidum
930 1924 1076 1980 constare
1103 1915 1273 2001 relinques
1344 1931 1405 1998 515

340 2022 374 2086 id
399 2041 494 2107 porro
516 2017 564 2082 nil
587 2039 656 2083 esse
678 2026 786 2103 potest
811 2018 875 2083 nisi
898 2019 1047 2084 materiei

341 2123 518 2200 concilium
545 2121 632 2207 quod
657 2120 754 2185 inune
776 2130 876 2206 queat
897 2143 1006 2186 rerum
1029 2122 1186 2188 cohibere.

340 2225 491 2291 materies
516 2223 624 2309 igitur,
650 2222 751 2287 solido
778 2245 863 2307 quse
887 2245 1017 2309 corpore
1040 2232 1175 2303 constat

340 2349 409 2392 esse
434 2334 566 2390 aeterne
589 2333 704 2410 potest,
728 2347 803 2389 cum
827 2334 935 2390 cetero
959 2325 1187 2392 dissoluantur.

340 2440 413 2496 tum
435 2453 528 2516 porro
554 2430 581 2494 si
606 2430 653 2494 nil
679 2438 765 2495 esset
790 2429 877 2517 quod
901 2431 999 2496 inane
1022 2422 1157 2519 iocsret,
1342 2448 1410 2515 520

339 2554 434 2599 omne
457 2532 539 2596 foret
562 2531 719 2612 solidum3
742 2532 806 2597 nisi
832 2541 945 2598 contre
968 2555 1100 2619 corpora
1123 2542 1212 2599 certa

338 2642 445 2700 essent
471 2654 554 2718 quae
578 2632 649 2698 locs
672 2634 871 2719 complerent
896 2657 1120 2722 quaecumque
1144 2644 1302 2715 tenerent,

338 2758 434 2803 omne
458 2733 543 2819 qued
567 2743 624 2812 est,
651 2737 793 2821 spatium
817 2759 955 2802 vacuum
978 2746 1139 2804 constaret
1161 2740 1265 2805 inane.

339 2840 473 2908 alternis
499 2839 600 2925 igitur
624 2840 780 2906 nimirum
804 2864 918 2928 corpus
942 2843 1033 2908 inani
1313 2924 1316 2929 Ι

337 2942 564 3027 distinctumst,
588 2941 741 3025 quoniam
761 2965 822 3007 nee
844 2943 980 3029 plenum
1006 2945 1132 3010 naviter
1158 2955 1248 3012 extet
1340 2961 1379 3028 52
1384 2962 1403 3028 5

337 3067 398 3111 nec
422 3065 516 3130 porro
539 3065 686 3108 vacuum.
708 3053 787 3109 sunt
810 3067 884 3131 ergo
911 3069 1042 3132 corpora
1064 3055 1152 3112 certa

337 3169 421 3235 quae
446 3145 589 3232 spatium
613 3146 709 3231 pleno
730 3140 855 3232 possint
879 3148 1078 3234 distinguere
1104 3150 1208 3215 inane.

336 3254 416 3319 haec
441 3272 547 3335 neque
573 3249 704 3315 dissolui
726 3251 831 3337 plagis
855 3254 1054 3318 extrinsecus
1079 3256 1144 3319 icta

336 3365 471 3444 possunt
494 3377 555 3421 nee
576 3376 670 3441 porro
692 3356 824 3442 penitus
846 3367 1018 3443 penetrato
1039 3361 1144 3425 retexi

336 3484 396 3528 nec
420 3459 546 3524 ratione
564 3468 690 3544 queunt
715 3460 780 3524 elie
804 3470 967 3548 temptate
990 3463 1120 3544 labere5
1338 3480 1354 3547 5
1360 3482 1407 3548 30
1495 3490 1499 3495 ·

335 3563 369 3628 id
394 3562 481 3647 quod
503 3561 569 3625 iem
591 3583 688 3647 supra
709 3563 772 3627 tibi
797 3564 894 3649 paulo
916 3565 1119 3630 ostendimus
1141 3572 1229 3635 ente.

249 3789 587 3840 ammorrhaeum.
684 3791 734 3842 504
749 3808 832 3843 renem
843 3797 923 3859 Ιοπρι.
957 3796 1022 3861 ‘leg.
1035 3799 1106 3860 ἱωιρε
1117 3801 1213 3849 rcmm'
1225 3799 1312 3850 Bentl.

249 3872 297 3922 517
313 3872 389 3920 inane
404 3877 479 3932 queat
493 3885 576 3920 rerum
593 3883 677 3920 seems
693 3871 765 3933 quite
780 3872 857 3936 right.
895 3878 971 3925 inam
985 3880 1015 3928 iu
1028 3881 1094 3928 rebu'
1106 3887 1182 3943 queat
1196 3880 1277 3930 Lech.
1311 3888 1406 3932 tecum
1431 3862 1440 3874 ’

249 3952 314 4001 Mur.
329 3951 412 4000 elul
426 3951 501 4000 sunt.
518 3951 610 4001 Lumb.
629 3951 669 4001 ed.
690 3953 768 4004 lund
785 3957 810 4014 2,
820 3973 906 4008 cerum
924 3958 1002 4010 Bern.
1022 3961 1062 4010 ior
1077 3977 1168 4012 rerum.
1267 3965 1316 4014 520
1340 3974 1405 4015 emt

247 4036 342 4084 Aoorr.
351 4033 546 4085 Auunciorest.
579 4035 867 4097 riquidemuilcstliicc.
899 4043 1030 4092 vocaretis
1040 4044 1084 4095 the
1092 4043 1137 4094 old
1144 4045 1224 4095 form:
1242 4049 1404 4097 seenotesfi.

247 4122 349 4166 secaret
360 4113 440 4164 Lech.
539 4115 586 4165 525
603 4116 791 4177 Decrianum,
805 4124 922 4182 quoniam
937 4123 1029 4173 Lumb.
1044 4128 1114 4174 most
1128 4125 1225 4189 rightly
1235 4126 1275 4175 ior
1289 4127 1404 4177 Distine-

249 4207 301 4250 rum
311 4199 428 4263 mum
437 4195 521 4246 which
535 4197 616 4247 Lech.
631 4198 730 4249 retains
744 4199 884 4265 beginning
897 4203 943 4254 the
958 4204 1078 4267 spodosis
1088 4206 1151 4256 with
1166 4214 1223 4257 mut
1235 4223 1292 4271 emo
1303 4207 1331 4257 in
1342 4208 1403 4259 526.

247 4281 327 4334 Aldl
339 4281 391 4333 und
401 4281 475 4332 sunt.
487 4295 557 4332 seem
566 4283 595 4330 to
605 4281 664 4331 turc
675 4284 822 4334 distinctum
834 4286 874 4335 for
884 4288 1030 4339 deductum
1040 4296 1075 4339 est
1085 4289 1137 4339 end
1148 4292 1175 4339 to
1186 4289 1346 4341 understand
1355 4290 1404 4341 the

247 4378 354 4428 pmcne
364 4361 468 4428 rightly.
565 4362 614 4415 527
626 4364 701 4428 plene
715 4364 781 4416 Mur.
792 4366 872 4418 Aldl
888 4368 941 4419 und
957 4368 1030 4419 er.
1047 4370 1088 4420 for
1099 4385 1191 4433 poem,
1207 4368 1259 4422 und
1274 4372 1350 4421 inane
1361 4370 1405 4422 tor
