<?xml version="1.0" encoding="UTF-8"?>
<!DOCTYPE html PUBLIC "-//W3C//DTD XHTML 1.0 Transitional//EN"
    "http://www.w3.org/TR/xhtml1/DTD/xhtml1-transitional.dtd">
<html xmlns="http://www.w3.org/1999/xhtml" xml:lang="en" lang="en">
 <head>
  <title>
</title>
<meta http-equiv="Content-Type" content="text/html;charset=utf-8" />
  <meta name='ocr-system' content='tesseract 3.04.00' />
  <meta name='ocr-capabilities' content='ocr_page ocr_carea ocr_par ocr_line ocrx_word'/>
</head>
<body>
  <div class='ocr_page' id='page_1' title='image "./dererumnaturali01munrgoog_0243.png"; bbox 0 0 3092 4984; ppageno 0'>
   <div class='ocr_carea' id='block_1_1' title="bbox 810 290 1513 462">
    <p class='ocr_par' dir='ltr' id='par_1_1' title="bbox 810 290 1513 462">
     <span class='ocr_line' id='line_1_1' title="bbox 810 290 841 353; baseline 0 0"><span class='ocrx_word' id='word_1_1' title='bbox 810 290 841 353; x_wconf 88' lang='lat' dir='ltr'>V</span> 
     </span>
     <span class='ocr_line' id='line_1_2' title="bbox 1512 425 1513 462; baseline 0 0"><span class='ocrx_word' id='word_1_2' title='bbox 1512 425 1513 462; x_wconf 71' lang='lat' dir='ltr'><strong>r</strong></span> 
     </span>
    </p>
   </div>
   <div class='ocr_carea' id='block_1_2' title="bbox 333 445 1513 580">
    <p class='ocr_par' dir='ltr' id='par_1_2' title="bbox 333 445 1513 580">
     <span class='ocr_line' id='line_1_3' title="bbox 333 445 1513 580; baseline -0.007 -64"><span class='ocrx_word' id='word_1_3' title='bbox 333 472 434 537; x_wconf 89' lang='lat' dir='ltr'><strong>quare</strong></span> <span class='ocrx_word' id='word_1_4' title='bbox 457 450 558 515; x_wconf 89' lang='lat' dir='ltr'><strong>etiam</strong></span> <span class='ocrx_word' id='word_1_5' title='bbox 578 447 738 534; x_wconf 88' lang='lat' dir='ltr'><strong>quaedam</strong></span> <span class='ocrx_word' id='word_1_6' title='bbox 760 467 847 510; x_wconf 88' lang='lat' dir='ltr'><strong>nunc</strong></span> <span class='ocrx_word' id='word_1_7' title='bbox 868 453 955 511; x_wconf 87' lang='lat' dir='ltr'><strong>artes</strong></span> <span class='ocrx_word' id='word_1_8' title='bbox 978 445 1195 531; x_wconf 84' lang='lat' dir='ltr'><strong>expoliuntur,</strong></span> <span class='ocrx_word' id='word_1_9' title='bbox 1512 527 1513 580; x_wconf 30' lang='grc'>1</span> 
     </span>
    </p>
   </div>
   <div class='ocr_carea' id='block_1_3' title="bbox 326 547 1513 3928">
    <p class='ocr_par' dir='ltr' id='par_1_3' title="bbox 334 547 1264 637">
     <span class='ocr_line' id='line_1_4' title="bbox 334 547 1264 637; baseline -0.006 -18"><span class='ocrx_word' id='word_1_10' title='bbox 334 576 422 619; x_wconf 91' lang='lat' dir='ltr'><strong>nunc</strong></span> <span class='ocrx_word' id='word_1_11' title='bbox 444 554 545 619; x_wconf 85' lang='lat' dir='ltr'><strong>etiam</strong></span> <span class='ocrx_word' id='word_1_12' title='bbox 566 559 763 637; x_wconf 81' lang='lat' dir='ltr'><strong>augescunt3</strong></span> <span class='ocrx_word' id='word_1_13' title='bbox 787 571 874 615; x_wconf 93' lang='lat' dir='ltr'><strong>nunc</strong></span> <span class='ocrx_word' id='word_1_14' title='bbox 895 548 1008 614; x_wconf 87' lang='lat' dir='ltr'><strong>addita</strong></span> <span class='ocrx_word' id='word_1_15' title='bbox 1028 547 1167 635; x_wconf 84' lang='lat' dir='ltr'><strong>navigiis</strong></span> <span class='ocrx_word' id='word_1_16' title='bbox 1188 558 1264 614; x_wconf 88' lang='lat' dir='ltr'><strong>sunt</strong></span> 
     </span>
    </p>

    <p class='ocr_par' dir='ltr' id='par_1_4' title="bbox 333 653 1219 741">
     <span class='ocr_line' id='line_1_5' title="bbox 333 653 1219 741; baseline -0.008 -17"><span class='ocrx_word' id='word_1_17' title='bbox 333 658 447 734; x_wconf 79' lang='lat' dir='ltr'><strong>multa</strong></span> <span class='ocrx_word' id='word_1_18' title='bbox 470 656 566 721; x_wconf 91' lang='lat' dir='ltr'><strong>modo</strong></span> <span class='ocrx_word' id='word_1_19' title='bbox 587 654 730 741; x_wconf 78' lang='lat' dir='ltr'><strong>organici</strong></span> <span class='ocrx_word' id='word_1_20' title='bbox 751 653 883 719; x_wconf 91' lang='lat' dir='ltr'><strong>melicos</strong></span> <span class='ocrx_word' id='word_1_21' title='bbox 904 674 1059 738; x_wconf 85' lang='lat' dir='ltr'>peperere</span> <span class='ocrx_word' id='word_1_22' title='bbox 1082 674 1219 717; x_wconf 88' lang='lat' dir='ltr'><strong>sonores.</strong></span> 
     </span>
    </p>

    <p class='ocr_par' dir='ltr' id='par_1_5' title="bbox 331 753 1513 858">
     <span class='ocr_line' id='line_1_6' title="bbox 331 753 1513 858; baseline -0.005 -30"><span class='ocrx_word' id='word_1_23' title='bbox 331 762 473 848; x_wconf 89' lang='lat' dir='ltr'><strong>denique</strong></span> <span class='ocrx_word' id='word_1_24' title='bbox 494 768 612 826; x_wconf 88' lang='lat' dir='ltr'><strong>natura</strong></span> <span class='ocrx_word' id='word_1_25' title='bbox 633 760 713 825; x_wconf 87' lang='lat' dir='ltr'><strong>haee</strong></span> <span class='ocrx_word' id='word_1_26' title='bbox 735 782 844 825; x_wconf 91' lang='lat' dir='ltr'><strong>rerum</strong></span> <span class='ocrx_word' id='word_1_27' title='bbox 865 759 1013 845; x_wconf 87' lang='lat' dir='ltr'><strong>ratioque</strong></span> <span class='ocrx_word' id='word_1_28' title='bbox 1035 767 1195 844; x_wconf 78' lang='lat' dir='ltr'><strong>repertast</strong></span> <span class='ocrx_word' id='word_1_29' title='bbox 1341 776 1359 840; x_wconf 86' lang='lat'>3</span> <span class='ocrx_word' id='word_1_30' title='bbox 1363 777 1382 839; x_wconf 85' lang='lat'>3</span> <span class='ocrx_word' id='word_1_31' title='bbox 1387 777 1404 858; x_wconf 71' lang='grc'><strong><em>5</em></strong></span> <span class='ocrx_word' id='word_1_32' title='bbox 1512 753 1513 822; x_wconf 76' lang='lat' dir='ltr'>j</span> 
     </span>
    </p>

    <p class='ocr_par' dir='ltr' id='par_1_6' title="bbox 333 861 1245 950">
     <span class='ocr_line' id='line_1_7' title="bbox 333 861 1245 950; baseline -0.003 -20"><span class='ocrx_word' id='word_1_33' title='bbox 333 887 445 950; x_wconf 81' lang='lat' dir='ltr'>nuper,</span> <span class='ocrx_word' id='word_1_34' title='bbox 468 873 503 929; x_wconf 87' lang='lat' dir='ltr'><strong>et</strong></span> <span class='ocrx_word' id='word_1_35' title='bbox 524 863 608 928; x_wconf 87' lang='lat' dir='ltr'><strong>hanc</strong></span> <span class='ocrx_word' id='word_1_36' title='bbox 629 863 754 948; x_wconf 88' lang='lat' dir='ltr'><strong>primus</strong></span> <span class='ocrx_word' id='word_1_37' title='bbox 775 884 850 928; x_wconf 90' lang='lat' dir='ltr'><strong>cum</strong></span> <span class='ocrx_word' id='word_1_38' title='bbox 871 863 987 948; x_wconf 91' lang='lat' dir='ltr'><strong>primis</strong></span> <span class='ocrx_word' id='word_1_39' title='bbox 1009 861 1078 948; x_wconf 89' lang='lat' dir='ltr'><strong>ipse</strong></span> <span class='ocrx_word' id='word_1_40' title='bbox 1100 870 1245 947; x_wconf 90' lang='lat' dir='ltr'><strong>repertus</strong></span> 
     </span>
    </p>

    <p class='ocr_par' dir='ltr' id='par_1_7' title="bbox 333 966 1285 1053">
     <span class='ocr_line' id='line_1_8' title="bbox 333 966 1285 1053; baseline -0.005 -19"><span class='ocrx_word' id='word_1_41' title='bbox 333 991 421 1034; x_wconf 93' lang='lat' dir='ltr'><strong>nunc</strong></span> <span class='ocrx_word' id='word_1_42' title='bbox 442 990 502 1053; x_wconf 88' lang='lat' dir='ltr'><strong>ego</strong></span> <span class='ocrx_word' id='word_1_43' title='bbox 523 989 596 1031; x_wconf 91' lang='lat' dir='ltr'><strong>sum</strong></span> <span class='ocrx_word' id='word_1_44' title='bbox 618 967 653 1030; x_wconf 91' lang='lat' dir='ltr'><strong>in</strong></span> <span class='ocrx_word' id='word_1_45' title='bbox 674 966 796 1052; x_wconf 85' lang='lat' dir='ltr'><strong>patrias</strong></span> <span class='ocrx_word' id='word_1_46' title='bbox 818 967 874 1052; x_wconf 93' lang='lat' dir='ltr'><strong>qui</strong></span> <span class='ocrx_word' id='word_1_47' title='bbox 896 967 1017 1052; x_wconf 89' lang='lat' dir='ltr'><strong>possim</strong></span> <span class='ocrx_word' id='word_1_48' title='bbox 1039 972 1164 1031; x_wconf 85' lang='lat' dir='ltr'><strong>vertere</strong></span> <span class='ocrx_word' id='word_1_49' title='bbox 1187 986 1285 1030; x_wconf 84' lang='lat' dir='ltr'><strong>voees</strong></span> 
     </span>
    </p>

    <p class='ocr_par' dir='ltr' id='par_1_8' title="bbox 333 1067 1251 1157">
     <span class='ocr_line' id='line_1_9' title="bbox 333 1067 1251 1157; baseline -0.003 -21"><span class='ocrx_word' id='word_1_50' title='bbox 333 1071 419 1157; x_wconf 89' lang='lat' dir='ltr'><strong>quod</strong></span> <span class='ocrx_word' id='word_1_51' title='bbox 441 1071 469 1135; x_wconf 89' lang='lat' dir='ltr'><strong>si</strong></span> <span class='ocrx_word' id='word_1_52' title='bbox 489 1070 572 1135; x_wconf 86' lang='lat' dir='ltr'><strong>forte</strong></span> <span class='ocrx_word' id='word_1_53' title='bbox 594 1070 692 1135; x_wconf 88' lang='lat' dir='ltr'><strong>fuisse</strong></span> <span class='ocrx_word' id='word_1_54' title='bbox 713 1070 852 1134; x_wconf 85' lang='lat' dir='ltr'><strong>antehac</strong></span> <span class='ocrx_word' id='word_1_55' title='bbox 874 1068 988 1133; x_wconf 89' lang='lat' dir='ltr'><strong>eadem</strong></span> <span class='ocrx_word' id='word_1_56' title='bbox 1010 1068 1119 1133; x_wconf 83' lang='lat' dir='ltr'><strong>omnia</strong></span> <span class='ocrx_word' id='word_1_57' title='bbox 1140 1067 1251 1144; x_wconf 85' lang='lat' dir='ltr'><strong>credis,</strong></span> 
     </span>
    </p>

    <p class='ocr_par' dir='ltr' id='par_1_9' title="bbox 333 1172 1164 1259">
     <span class='ocr_line' id='line_1_10' title="bbox 333 1172 1164 1259; baseline -0.005 -20"><span class='ocrx_word' id='word_1_58' title='bbox 333 1174 390 1239; x_wconf 91' lang='lat' dir='ltr'><strong>sed</strong></span> <span class='ocrx_word' id='word_1_59' title='bbox 411 1173 544 1259; x_wconf 89' lang='lat' dir='ltr'><strong>periisse</strong></span> <span class='ocrx_word' id='word_1_60' title='bbox 565 1172 734 1237; x_wconf 90' lang='lat' dir='ltr'><strong>hominum</strong></span> <span class='ocrx_word' id='word_1_61' title='bbox 756 1173 893 1238; x_wconf 81' lang='lat' dir='ltr'><strong>torrenti</strong></span> <span class='ocrx_word' id='word_1_62' title='bbox 915 1172 1019 1237; x_wconf 85' lang='lat' dir='ltr'><strong>saecla</strong></span> <span class='ocrx_word' id='word_1_63' title='bbox 1039 1193 1164 1256; x_wconf 83' lang='lat' dir='ltr'><strong>vapore,</strong></span> 
     </span>
    </p>

    <p class='ocr_par' dir='ltr' id='par_1_10' title="bbox 334 1273 1408 1360">
     <span class='ocr_line' id='line_1_11' title="bbox 334 1273 1408 1360; baseline -0.001 -20"><span class='ocrx_word' id='word_1_64' title='bbox 334 1282 392 1340; x_wconf 88' lang='lat' dir='ltr'><strong>aut</strong></span> <span class='ocrx_word' id='word_1_65' title='bbox 413 1273 564 1339; x_wconf 88' lang='lat' dir='ltr'><strong>cecidisse</strong></span> <span class='ocrx_word' id='word_1_66' title='bbox 587 1273 675 1339; x_wconf 86' lang='lat' dir='ltr'><strong>urbis</strong></span> <span class='ocrx_word' id='word_1_67' title='bbox 697 1296 816 1360; x_wconf 83' lang='lat' dir='ltr'><strong>magno</strong></span> <span class='ocrx_word' id='word_1_68' title='bbox 838 1274 1009 1339; x_wconf 81' lang='lat' dir='ltr'><strong>vexamine</strong></span> <span class='ocrx_word' id='word_1_69' title='bbox 1031 1273 1155 1350; x_wconf 91' lang='lat' dir='ltr'><strong>mundi,</strong></span> <span class='ocrx_word' id='word_1_70' title='bbox 1340 1289 1408 1353; x_wconf 87' lang='lat'><strong>340</strong></span> 
     </span>
    </p>

    <p class='ocr_par' dir='ltr' id='par_1_11' title="bbox 334 1376 1079 1464">
     <span class='ocr_line' id='line_1_12' title="bbox 334 1376 1079 1464; baseline -0.001 -21"><span class='ocrx_word' id='word_1_71' title='bbox 334 1386 393 1444; x_wconf 90' lang='lat' dir='ltr'><strong>aut</strong></span> <span class='ocrx_word' id='word_1_72' title='bbox 415 1399 456 1443; x_wconf 89' lang='lat' dir='ltr'><strong>ex</strong></span> <span class='ocrx_word' id='word_1_73' title='bbox 477 1376 636 1442; x_wconf 80' lang='lat' dir='ltr'><strong>imbribus</strong></span> <span class='ocrx_word' id='word_1_74' title='bbox 657 1377 801 1442; x_wconf 78' lang='lat' dir='ltr'><strong>adsiduis</strong></span> <span class='ocrx_word' id='word_1_75' title='bbox 823 1378 926 1443; x_wconf 86' lang='lat' dir='ltr'><strong>exisse</strong></span> <span class='ocrx_word' id='word_1_76' title='bbox 948 1399 1079 1464; x_wconf 87' lang='lat' dir='ltr'><strong>rapaces</strong></span> 
     </span>
    </p>

    <p class='ocr_par' dir='ltr' id='par_1_12' title="bbox 332 1480 1132 1567">
     <span class='ocr_line' id='line_1_13' title="bbox 332 1480 1132 1567; baseline 0 -22"><span class='ocrx_word' id='word_1_77' title='bbox 332 1503 391 1566; x_wconf 91' lang='lat' dir='ltr'><strong>per</strong></span> <span class='ocrx_word' id='word_1_78' title='bbox 411 1488 513 1545; x_wconf 85' lang='lat' dir='ltr'><strong>terras</strong></span> <span class='ocrx_word' id='word_1_79' title='bbox 535 1500 646 1544; x_wconf 88' lang='lat' dir='ltr'><strong>amnes</strong></span> <span class='ocrx_word' id='word_1_80' title='bbox 667 1487 761 1566; x_wconf 79' lang='lat' dir='ltr'><strong>atque</strong></span> <span class='ocrx_word' id='word_1_81' title='bbox 783 1480 903 1567; x_wconf 86' lang='lat' dir='ltr'><strong>oppida</strong></span> <span class='ocrx_word' id='word_1_82' title='bbox 923 1480 1132 1567; x_wconf 74' lang='lat' dir='ltr'><strong>cooperuisse,</strong></span> 
     </span>
    </p>

    <p class='ocr_par' dir='ltr' id='par_1_13' title="bbox 334 1579 1151 1667">
     <span class='ocr_line' id='line_1_14' title="bbox 334 1579 1151 1667; baseline 0.001 -19"><span class='ocrx_word' id='word_1_83' title='bbox 334 1591 426 1648; x_wconf 84' lang='lat' dir='ltr'><strong>tanto</strong></span> <span class='ocrx_word' id='word_1_84' title='bbox 448 1582 570 1667; x_wconf 91' lang='lat' dir='ltr'><strong>quique</strong></span> <span class='ocrx_word' id='word_1_85' title='bbox 592 1583 695 1667; x_wconf 85' lang='lat' dir='ltr'><strong>magis</strong></span> <span class='ocrx_word' id='word_1_86' title='bbox 717 1583 823 1649; x_wconf 88' lang='lat' dir='ltr'><strong>victus</strong></span> <span class='ocrx_word' id='word_1_87' title='bbox 844 1583 968 1649; x_wconf 76' lang='lat' dir='ltr'><strong>fateare</strong></span> <span class='ocrx_word' id='word_1_88' title='bbox 990 1579 1151 1649; x_wconf 80' lang='lat' dir='ltr'><strong>necessest</strong></span> 
     </span>
    </p>

    <p class='ocr_par' dir='ltr' id='par_1_14' title="bbox 334 1685 1152 1772">
     <span class='ocr_line' id='line_1_15' title="bbox 334 1685 1152 1772; baseline -0.001 -21"><span class='ocrx_word' id='word_1_89' title='bbox 334 1686 473 1751; x_wconf 89' lang='lat' dir='ltr'><strong>exitium</strong></span> <span class='ocrx_word' id='word_1_90' title='bbox 494 1707 624 1771; x_wconf 89' lang='lat' dir='ltr'><strong>quoque</strong></span> <span class='ocrx_word' id='word_1_91' title='bbox 645 1695 806 1750; x_wconf 84' lang='lat' dir='ltr'><strong>terrarum</strong></span> <span class='ocrx_word' id='word_1_92' title='bbox 828 1687 974 1772; x_wconf 88' lang='lat' dir='ltr'><strong>caelique</strong></span> <span class='ocrx_word' id='word_1_93' title='bbox 995 1685 1152 1752; x_wconf 84' lang='lat' dir='ltr'><strong>futurum</strong></span> 
     </span>
    </p>

    <p class='ocr_par' dir='ltr' id='par_1_15' title="bbox 333 1788 1182 1876">
     <span class='ocr_line' id='line_1_16' title="bbox 333 1788 1182 1876; baseline -0.002 -21"><span class='ocrx_word' id='word_1_94' title='bbox 333 1812 411 1855; x_wconf 87' lang='lat' dir='ltr'><strong>nam</strong></span> <span class='ocrx_word' id='word_1_95' title='bbox 433 1811 508 1855; x_wconf 88' lang='lat' dir='ltr'><strong>cum</strong></span> <span class='ocrx_word' id='word_1_96' title='bbox 529 1811 580 1854; x_wconf 90' lang='lat' dir='ltr'><strong>res</strong></span> <span class='ocrx_word' id='word_1_97' title='bbox 601 1789 703 1855; x_wconf 84' lang='lat' dir='ltr'><strong>tantis</strong></span> <span class='ocrx_word' id='word_1_98' title='bbox 724 1789 845 1855; x_wconf 88' lang='lat' dir='ltr'><strong>morbis</strong></span> <span class='ocrx_word' id='word_1_99' title='bbox 866 1791 1033 1876; x_wconf 87' lang='lat' dir='ltr'><strong>tantisque</strong></span> <span class='ocrx_word' id='word_1_100' title='bbox 1054 1788 1182 1874; x_wconf 88' lang='lat' dir='ltr'><strong>periclis</strong></span> 
     </span>
    </p>

    <p class='ocr_par' dir='ltr' id='par_1_16' title="bbox 334 1892 1063 1979">
     <span class='ocr_line' id='line_1_17' title="bbox 334 1892 1063 1979; baseline -0.003 -20"><span class='ocrx_word' id='word_1_101' title='bbox 334 1901 580 1979; x_wconf 86' lang='lat' dir='ltr'><strong>temptarentur‚</strong></span> <span class='ocrx_word' id='word_1_102' title='bbox 602 1892 649 1958; x_wconf 91' lang='lat' dir='ltr'><strong>ibi</strong></span> <span class='ocrx_word' id='word_1_103' title='bbox 670 1892 698 1957; x_wconf 90' lang='lat' dir='ltr'><strong>si</strong></span> <span class='ocrx_word' id='word_1_104' title='bbox 720 1892 843 1957; x_wconf 82' lang='lat' dir='ltr'><strong>tristior</strong></span> <span class='ocrx_word' id='word_1_105' title='bbox 864 1893 1063 1958; x_wconf 87' lang='lat' dir='ltr'><strong>incubuisset</strong></span> 
     </span>
    </p>

    <p class='ocr_par' dir='ltr' id='par_1_17' title="bbox 334 1994 1170 2082">
     <span class='ocr_line' id='line_1_18' title="bbox 334 1994 1170 2082; baseline -0.004 -20"><span class='ocrx_word' id='word_1_106' title='bbox 334 2019 438 2074; x_wconf 81' lang='lat' dir='ltr'><strong>causa,</strong></span> <span class='ocrx_word' id='word_1_107' title='bbox 461 1996 576 2061; x_wconf 90' lang='lat' dir='ltr'><strong>darent</strong></span> <span class='ocrx_word' id='word_1_108' title='bbox 597 1997 664 2061; x_wconf 90' lang='lat' dir='ltr'><strong>late</strong></span> <span class='ocrx_word' id='word_1_109' title='bbox 685 1996 812 2061; x_wconf 81' lang='lat' dir='ltr'><strong>cladem</strong></span> <span class='ocrx_word' id='word_1_110' title='bbox 832 2018 1031 2082; x_wconf 85' lang='lat' dir='ltr'><strong>magnasque</strong></span> <span class='ocrx_word' id='word_1_111' title='bbox 1054 1994 1170 2059; x_wconf 88' lang='lat' dir='ltr'><strong>ruinas.</strong></span> 
     </span>
    </p>

    <p class='ocr_par' dir='ltr' id='par_1_18' title="bbox 331 2099 1068 2175">
     <span class='ocr_line' id='line_1_19' title="bbox 331 2099 1068 2175; baseline -0.003 -11"><span class='ocrx_word' id='word_1_112' title='bbox 331 2122 393 2166; x_wconf 92' lang='lat' dir='ltr'><strong>nec</strong></span> <span class='ocrx_word' id='word_1_113' title='bbox 413 2100 538 2166; x_wconf 87' lang='lat' dir='ltr'><strong>ratione</strong></span> <span class='ocrx_word' id='word_1_114' title='bbox 560 2100 624 2163; x_wconf 85' lang='lat' dir='ltr'><strong>alia</strong></span> <span class='ocrx_word' id='word_1_115' title='bbox 644 2100 797 2164; x_wconf 76' lang='lat' dir='ltr'><strong>mortales</strong></span> <span class='ocrx_word' id='word_1_116' title='bbox 819 2121 888 2164; x_wconf 86' lang='lat' dir='ltr'><strong>esse</strong></span> <span class='ocrx_word' id='word_1_117' title='bbox 910 2099 1068 2175; x_wconf 85' lang='lat' dir='ltr'><strong>videmur,</strong></span> 
     </span>
    </p>

    <p class='ocr_par' dir='ltr' id='par_1_19' title="bbox 333 2199 1195 2286">
     <span class='ocr_line' id='line_1_20' title="bbox 333 2199 1195 2286; baseline -0.003 -19"><span class='ocrx_word' id='word_1_118' title='bbox 333 2202 498 2268; x_wconf 88' lang='lat' dir='ltr'><strong>internos</strong></span> <span class='ocrx_word' id='word_1_119' title='bbox 520 2202 582 2265; x_wconf 91' lang='lat' dir='ltr'><strong>nisi</strong></span> <span class='ocrx_word' id='word_1_120' title='bbox 604 2201 692 2286; x_wconf 91' lang='lat' dir='ltr'><strong>quod</strong></span> <span class='ocrx_word' id='word_1_121' title='bbox 713 2201 833 2266; x_wconf 89' lang='lat' dir='ltr'><strong>morbis</strong></span> <span class='ocrx_word' id='word_1_122' title='bbox 855 2200 1069 2285; x_wconf 86' lang='lat' dir='ltr'><strong>aegrescimus</strong></span> <span class='ocrx_word' id='word_1_123' title='bbox 1091 2199 1195 2265; x_wconf 91' lang='lat' dir='ltr'><strong>isdem</strong></span> 
     </span>
    </p>

    <p class='ocr_par' dir='ltr' id='par_1_20' title="bbox 326 2302 1403 2490">
     <span class='ocr_line' id='line_1_21' title="bbox 326 2302 1403 2390; baseline -0.005 -21"><span class='ocrx_word' id='word_1_124' title='bbox 326 2313 431 2390; x_wconf 78' lang='lat' dir='ltr'><strong>&#39;atque</strong></span> <span class='ocrx_word' id='word_1_125' title='bbox 453 2303 501 2366; x_wconf 90' lang='lat' dir='ltr'><strong>illi</strong></span> <span class='ocrx_word' id='word_1_126' title='bbox 523 2324 603 2387; x_wconf 89' lang='lat' dir='ltr'><strong>quos</strong></span> <span class='ocrx_word' id='word_1_127' title='bbox 625 2324 646 2365; x_wconf 89' lang='lat' dir='ltr'><strong>a</strong></span> <span class='ocrx_word' id='word_1_128' title='bbox 666 2302 735 2366; x_wconf 84' lang='lat' dir='ltr'><strong>vita</strong></span> <span class='ocrx_word' id='word_1_129' title='bbox 756 2312 875 2367; x_wconf 88' lang='lat' dir='ltr'><strong>natura</strong></span> <span class='ocrx_word' id='word_1_130' title='bbox 895 2304 1041 2367; x_wconf 87' lang='lat' dir='ltr'><strong>removit.</strong></span> <span class='ocrx_word' id='word_1_131' title='bbox 1336 2314 1403 2381; x_wconf 83' lang='lat'><strong>350</strong></span> 
     </span>
     <span class='ocr_line' id='line_1_22' title="bbox 375 2406 1288 2490; baseline -0.001 -20"><span class='ocrx_word' id='word_1_132' title='bbox 375 2406 547 2470; x_wconf 88' lang='lat' dir='ltr'><strong>Praeterea</strong></span> <span class='ocrx_word' id='word_1_133' title='bbox 568 2426 790 2490; x_wconf 86' lang='lat' dir='ltr'><strong>quaecumque</strong></span> <span class='ocrx_word' id='word_1_134' title='bbox 813 2416 947 2471; x_wconf 90' lang='lat' dir='ltr'><strong>manent</strong></span> <span class='ocrx_word' id='word_1_135' title='bbox 970 2415 1103 2471; x_wconf 83' lang='lat' dir='ltr'><strong>aeterna</strong></span> <span class='ocrx_word' id='word_1_136' title='bbox 1124 2413 1288 2471; x_wconf 88' lang='lat' dir='ltr'><strong>necessust</strong></span> 
     </span>
    </p>

    <p class='ocr_par' dir='ltr' id='par_1_21' title="bbox 328 2506 1256 2594">
     <span class='ocr_line' id='line_1_23' title="bbox 328 2506 1256 2594; baseline 0.002 -22"><span class='ocrx_word' id='word_1_137' title='bbox 328 2511 398 2584; x_wconf 79' lang='lat' dir='ltr'><strong>aut,</strong></span> <span class='ocrx_word' id='word_1_138' title='bbox 421 2506 499 2592; x_wconf 91' lang='lat' dir='ltr'><strong>quia</strong></span> <span class='ocrx_word' id='word_1_139' title='bbox 519 2515 597 2570; x_wconf 89' lang='lat' dir='ltr'><strong>sunt</strong></span> <span class='ocrx_word' id='word_1_140' title='bbox 618 2506 719 2571; x_wconf 89' lang='lat' dir='ltr'><strong>solido</strong></span> <span class='ocrx_word' id='word_1_141' title='bbox 741 2530 816 2572; x_wconf 89' lang='lat' dir='ltr'><strong>cum</strong></span> <span class='ocrx_word' id='word_1_142' title='bbox 838 2530 977 2594; x_wconf 89' lang='lat' dir='ltr'><strong>corpore,</strong></span> <span class='ocrx_word' id='word_1_143' title='bbox 1001 2531 1151 2594; x_wconf 86' lang='lat' dir='ltr'><strong>respuere</strong></span> <span class='ocrx_word' id='word_1_144' title='bbox 1172 2512 1256 2575; x_wconf 87' lang='lat' dir='ltr'><strong>ictus</strong></span> 
     </span>
    </p>

    <p class='ocr_par' dir='ltr' id='par_1_22' title="bbox 331 2608 1294 2697">
     <span class='ocr_line' id='line_1_24' title="bbox 331 2608 1294 2697; baseline 0.004 -25"><span class='ocrx_word' id='word_1_145' title='bbox 331 2630 392 2673; x_wconf 88' lang='lat' dir='ltr'><strong>nee</strong></span> <span class='ocrx_word' id='word_1_146' title='bbox 412 2616 582 2693; x_wconf 88' lang='lat' dir='ltr'><strong>penetrare</strong></span> <span class='ocrx_word' id='word_1_147' title='bbox 603 2608 674 2693; x_wconf 89' lang='lat' dir='ltr'><strong>pati</strong></span> <span class='ocrx_word' id='word_1_148' title='bbox 695 2608 757 2673; x_wconf 89' lang='lat' dir='ltr'><strong>sibi</strong></span> <span class='ocrx_word' id='word_1_149' title='bbox 781 2609 955 2695; x_wconf 88' lang='lat' dir='ltr'><strong>quicquam</strong></span> <span class='ocrx_word' id='word_1_150' title='bbox 977 2610 1063 2697; x_wconf 93' lang='lat' dir='ltr'><strong>quod</strong></span> <span class='ocrx_word' id='word_1_151' title='bbox 1086 2620 1185 2696; x_wconf 89' lang='lat' dir='ltr'><strong>queat</strong></span> <span class='ocrx_word' id='word_1_152' title='bbox 1206 2618 1294 2676; x_wconf 85' lang='lat' dir='ltr'><strong>artas</strong></span> 
     </span>
    </p>

    <p class='ocr_par' dir='ltr' id='par_1_23' title="bbox 332 2711 977 2796">
     <span class='ocr_line' id='line_1_25' title="bbox 332 2711 977 2796; baseline 0.003 -21"><span class='ocrx_word' id='word_1_153' title='bbox 332 2711 500 2775; x_wconf 77' lang='lat' dir='ltr'><strong>dissociem</strong></span> <span class='ocrx_word' id='word_1_154' title='bbox 522 2711 611 2776; x_wconf 90' lang='lat' dir='ltr'><strong>intus</strong></span> <span class='ocrx_word' id='word_1_155' title='bbox 633 2711 745 2796; x_wconf 86' lang='lat' dir='ltr'><strong>partis,</strong></span> <span class='ocrx_word' id='word_1_156' title='bbox 768 2720 807 2777; x_wconf 85' lang='lat' dir='ltr'><strong>ut</strong></span> <span class='ocrx_word' id='word_1_157' title='bbox 828 2713 977 2777; x_wconf 83' lang='lat' dir='ltr'><strong>materiai</strong></span> 
     </span>
    </p>

    <p class='ocr_par' dir='ltr' id='par_1_24' title="bbox 331 2817 1398 2900">
     <span class='ocr_line' id='line_1_26' title="bbox 331 2817 1398 2900; baseline 0.003 -20"><span class='ocrx_word' id='word_1_158' title='bbox 331 2836 462 2900; x_wconf 87' lang='lat' dir='ltr'><strong>corpora</strong></span> <span class='ocrx_word' id='word_1_159' title='bbox 483 2824 561 2880; x_wconf 87' lang='lat' dir='ltr'><strong>sunt</strong></span> <span class='ocrx_word' id='word_1_160' title='bbox 578 2832 721 2899; x_wconf 80' lang='lat' dir='ltr'><strong>&#39;quorum</strong></span> <span class='ocrx_word' id='word_1_161' title='bbox 742 2824 895 2880; x_wconf 88' lang='lat' dir='ltr'><strong>naturam</strong></span> <span class='ocrx_word' id='word_1_162' title='bbox 917 2817 1117 2882; x_wconf 85' lang='lat' dir='ltr'><strong>ostendimus</strong></span> <span class='ocrx_word' id='word_1_163' title='bbox 1140 2826 1226 2893; x_wconf 88' lang='lat' dir='ltr'><strong>ante,</strong></span> <span class='ocrx_word' id='word_1_164' title='bbox 1336 2830 1398 2896; x_wconf 82' lang='grc'><strong>355</strong></span> 
     </span>
    </p>

    <p class='ocr_par' dir='ltr' id='par_1_25' title="bbox 332 2915 1142 3005">
     <span class='ocr_line' id='line_1_27' title="bbox 332 2915 1142 3005; baseline 0.004 -24"><span class='ocrx_word' id='word_1_165' title='bbox 332 2924 391 2982; x_wconf 89' lang='lat' dir='ltr'><strong>aut</strong></span> <span class='ocrx_word' id='word_1_166' title='bbox 411 2915 484 2982; x_wconf 90' lang='lat' dir='ltr'><strong>ideo</strong></span> <span class='ocrx_word' id='word_1_167' title='bbox 506 2915 622 2981; x_wconf 88' lang='lat' dir='ltr'><strong>durare</strong></span> <span class='ocrx_word' id='word_1_168' title='bbox 644 2925 787 2983; x_wconf 84' lang='lat' dir='ltr'><strong>aetatem</strong></span> <span class='ocrx_word' id='word_1_169' title='bbox 808 2940 902 3004; x_wconf 89' lang='lat' dir='ltr'><strong>posse</strong></span> <span class='ocrx_word' id='word_1_170' title='bbox 923 2941 982 3005; x_wconf 92' lang='lat' dir='ltr'><strong>per</strong></span> <span class='ocrx_word' id='word_1_171' title='bbox 1004 2942 1142 2996; x_wconf 90' lang='lat' dir='ltr'><strong>omnem,</strong></span> 
     </span>
    </p>

    <p class='ocr_par' dir='ltr' id='par_1_26' title="bbox 332 3019 1171 3106">
     <span class='ocr_line' id='line_1_28' title="bbox 332 3019 1171 3106; baseline 0.006 -24"><span class='ocrx_word' id='word_1_172' title='bbox 332 3020 500 3105; x_wconf 83' lang='lat' dir='ltr'><strong>plagarum</strong></span> <span class='ocrx_word' id='word_1_173' title='bbox 521 3019 599 3105; x_wconf 90' lang='lat' dir='ltr'><strong>quia</strong></span> <span class='ocrx_word' id='word_1_174' title='bbox 620 3028 697 3084; x_wconf 84' lang='lat' dir='ltr'><strong>sunt</strong></span> <span class='ocrx_word' id='word_1_175' title='bbox 719 3022 874 3106; x_wconf 85' lang='lat' dir='ltr'><strong>expertia,</strong></span> <span class='ocrx_word' id='word_1_176' title='bbox 896 3022 981 3085; x_wconf 89' lang='lat' dir='ltr'><strong>sicut</strong></span> <span class='ocrx_word' id='word_1_177' title='bbox 1002 3022 1099 3086; x_wconf 87' lang='lat' dir='ltr'><strong>inane</strong></span> <span class='ocrx_word' id='word_1_178' title='bbox 1121 3030 1171 3087; x_wconf 90' lang='lat' dir='ltr'><strong>est</strong></span> 
     </span>
    </p>

    <p class='ocr_par' dir='ltr' id='par_1_27' title="bbox 332 3122 1317 3211">
     <span class='ocr_line' id='line_1_29' title="bbox 332 3122 1317 3211; baseline 0.001 -25"><span class='ocrx_word' id='word_1_179' title='bbox 332 3122 418 3208; x_wconf 92' lang='lat' dir='ltr'><strong>quod</strong></span> <span class='ocrx_word' id='word_1_180' title='bbox 439 3130 551 3187; x_wconf 91' lang='lat' dir='ltr'><strong>manet</strong></span> <span class='ocrx_word' id='word_1_181' title='bbox 572 3122 732 3187; x_wconf 86' lang='lat' dir='ltr'><strong>intactum</strong></span> <span class='ocrx_word' id='word_1_182' title='bbox 753 3145 860 3209; x_wconf 89' lang='lat' dir='ltr'><strong>neque</strong></span> <span class='ocrx_word' id='word_1_183' title='bbox 882 3125 925 3189; x_wconf 84' lang='lat' dir='ltr'><strong>ab</strong></span> <span class='ocrx_word' id='word_1_184' title='bbox 946 3125 1014 3189; x_wconf 86' lang='lat' dir='ltr'><strong>ictu</strong></span> <span class='ocrx_word' id='word_1_185' title='bbox 1036 3125 1183 3211; x_wconf 84' lang='lat' dir='ltr'><strong>fungitur</strong></span> <span class='ocrx_word' id='word_1_186' title='bbox 1205 3125 1317 3200; x_wconf 90' lang='lat' dir='ltr'><strong>hilum,</strong></span> 
     </span>
    </p>

    <p class='ocr_par' dir='ltr' id='par_1_28' title="bbox 330 3226 1126 3312">
     <span class='ocr_line' id='line_1_30' title="bbox 330 3226 1126 3312; baseline 0.004 -22"><span class='ocrx_word' id='word_1_187' title='bbox 330 3236 389 3292; x_wconf 84' lang='lat' dir='ltr'><strong>aut</strong></span> <span class='ocrx_word' id='word_1_188' title='bbox 410 3227 510 3291; x_wconf 87' lang='lat' dir='ltr'><strong>etiam</strong></span> <span class='ocrx_word' id='word_1_189' title='bbox 531 3226 610 3311; x_wconf 91' lang='lat' dir='ltr'><strong>quia</strong></span> <span class='ocrx_word' id='word_1_190' title='bbox 629 3226 721 3291; x_wconf 90' lang='lat' dir='ltr'><strong>nulla</strong></span> <span class='ocrx_word' id='word_1_191' title='bbox 741 3226 803 3291; x_wconf 88' lang='lat' dir='ltr'><strong>loci</strong></span> <span class='ocrx_word' id='word_1_192' title='bbox 825 3226 864 3292; x_wconf 84' lang='lat' dir='ltr'><strong>fit</strong></span> <span class='ocrx_word' id='word_1_193' title='bbox 884 3227 977 3312; x_wconf 89' lang='lat' dir='ltr'><strong>copia</strong></span> <span class='ocrx_word' id='word_1_194' title='bbox 997 3229 1126 3306; x_wconf 86' lang='lat' dir='ltr'><strong>circum,</strong></span> 
     </span>
    </p>

    <p class='ocr_par' dir='ltr' id='par_1_29' title="bbox 332 3329 1399 3417">
     <span class='ocr_line' id='line_1_31' title="bbox 332 3329 1399 3417; baseline 0.003 -25"><span class='ocrx_word' id='word_1_195' title='bbox 332 3350 396 3415; x_wconf 92' lang='lat' dir='ltr'><strong>quo</strong></span> <span class='ocrx_word' id='word_1_196' title='bbox 418 3330 509 3415; x_wconf 86' lang='lat' dir='ltr'><strong>quasi</strong></span> <span class='ocrx_word' id='word_1_197' title='bbox 530 3352 582 3394; x_wconf 85' lang='lat' dir='ltr'><strong>res</strong></span> <span class='ocrx_word' id='word_1_198' title='bbox 602 3330 726 3415; x_wconf 90' lang='lat' dir='ltr'><strong>possint</strong></span> <span class='ocrx_word' id='word_1_199' title='bbox 748 3329 910 3395; x_wconf 86' lang='lat' dir='ltr'><strong>discedere</strong></span> <span class='ocrx_word' id='word_1_200' title='bbox 932 3331 1137 3417; x_wconf 87' lang='lat' dir='ltr'><strong>dissoluique,</strong></span> <span class='ocrx_word' id='word_1_201' title='bbox 1334 3331 1399 3410; x_wconf 86' lang='lat'><strong>360</strong></span> 
     </span>
    </p>

    <p class='ocr_par' dir='ltr' id='par_1_30' title="bbox 330 3435 1252 3521">
     <span class='ocr_line' id='line_1_32' title="bbox 330 3435 1252 3521; baseline 0.002 -23"><span class='ocrx_word' id='word_1_202' title='bbox 330 3435 414 3500; x_wconf 86' lang='lat' dir='ltr'><strong>sieut</strong></span> <span class='ocrx_word' id='word_1_203' title='bbox 435 3457 634 3499; x_wconf 90' lang='lat' dir='ltr'><strong>summarum</strong></span> <span class='ocrx_word' id='word_1_204' title='bbox 656 3457 785 3500; x_wconf 90' lang='lat' dir='ltr'><strong>summa</strong></span> <span class='ocrx_word' id='word_1_205' title='bbox 806 3442 856 3500; x_wconf 87' lang='lat' dir='ltr'><strong>est</strong></span> <span class='ocrx_word' id='word_1_206' title='bbox 877 3443 1009 3500; x_wconf 89' lang='lat' dir='ltr'><strong>aeterna</strong></span> <span class='ocrx_word' id='word_1_207' title='bbox 1030 3458 1137 3521; x_wconf 89' lang='lat' dir='ltr'><strong>neque</strong></span> <span class='ocrx_word' id='word_1_208' title='bbox 1159 3445 1252 3501; x_wconf 88' lang='lat' dir='ltr'><strong>extra</strong></span> 
     </span>
    </p>

    <p class='ocr_par' dir='ltr' id='par_1_31' title="bbox 332 3537 1321 3624">
     <span class='ocr_line' id='line_1_33' title="bbox 332 3537 1321 3624; baseline 0.002 -23"><span class='ocrx_word' id='word_1_209' title='bbox 332 3537 388 3622; x_wconf 91' lang='lat' dir='ltr'><strong>qui</strong></span> <span class='ocrx_word' id='word_1_210' title='bbox 410 3537 497 3601; x_wconf 90' lang='lat' dir='ltr'><strong>locus</strong></span> <span class='ocrx_word' id='word_1_211' title='bbox 519 3552 569 3601; x_wconf 86' lang='lat' dir='ltr'><strong>est</strong></span> <span class='ocrx_word' id='word_1_212' title='bbox 590 3559 655 3622; x_wconf 92' lang='lat' dir='ltr'><strong>quo</strong></span> <span class='ocrx_word' id='word_1_213' title='bbox 677 3537 837 3602; x_wconf 87' lang='lat' dir='ltr'><strong>dissiliant</strong></span> <span class='ocrx_word' id='word_1_214' title='bbox 859 3560 965 3623; x_wconf 89' lang='lat' dir='ltr'><strong>neque</strong></span> <span class='ocrx_word' id='word_1_215' title='bbox 987 3543 1118 3624; x_wconf 85' lang='lat' dir='ltr'><strong>corpora</strong></span> <span class='ocrx_word' id='word_1_216' title='bbox 1139 3548 1216 3603; x_wconf 90' lang='lat' dir='ltr'><strong>sunt</strong></span> <span class='ocrx_word' id='word_1_217' title='bbox 1238 3561 1321 3623; x_wconf 86' lang='lat' dir='ltr'><strong>quae</strong></span> 
     </span>
    </p>

    <p class='ocr_par' dir='ltr' id='par_1_32' title="bbox 331 3638 1123 3727">
     <span class='ocr_line' id='line_1_34' title="bbox 331 3638 1123 3727; baseline 0.009 -27"><span class='ocrx_word' id='word_1_218' title='bbox 331 3638 455 3722; x_wconf 86' lang='lat' dir='ltr'><strong>possint</strong></span> <span class='ocrx_word' id='word_1_219' title='bbox 476 3638 616 3703; x_wconf 88' lang='lat' dir='ltr'><strong>incidere</strong></span> <span class='ocrx_word' id='word_1_220' title='bbox 639 3648 673 3703; x_wconf 91' lang='lat' dir='ltr'><strong>et</strong></span> <span class='ocrx_word' id='word_1_221' title='bbox 694 3639 803 3704; x_wconf 84' lang='lat' dir='ltr'><strong>valida</strong></span> <span class='ocrx_word' id='word_1_222' title='bbox 824 3640 996 3705; x_wconf 88' lang='lat' dir='ltr'><strong>dissolvere</strong></span> <span class='ocrx_word' id='word_1_223' title='bbox 1018 3641 1123 3727; x_wconf 84' lang='lat' dir='ltr'><strong>plaga</strong></span> 
     </span>
    </p>

    <p class='ocr_par' dir='ltr' id='par_1_33' title="bbox 331 3739 1208 3834">
     <span class='ocr_line' id='line_1_35' title="bbox 331 3739 1208 3834; baseline 0.009 -33"><span class='ocrx_word' id='word_1_224' title='bbox 331 3748 366 3802; x_wconf 90' lang='lat' dir='ltr'><strong>at</strong></span> <span class='ocrx_word' id='word_1_225' title='bbox 387 3761 501 3824; x_wconf 86' lang='lat' dir='ltr'><strong>neque,</strong></span> <span class='ocrx_word' id='word_1_226' title='bbox 522 3740 573 3803; x_wconf 89' lang='lat' dir='ltr'><strong>uti</strong></span> <span class='ocrx_word' id='word_1_227' title='bbox 595 3739 697 3817; x_wconf 86' lang='lat' dir='ltr'><strong>docui,</strong></span> <span class='ocrx_word' id='word_1_228' title='bbox 720 3742 821 3806; x_wconf 89' lang='lat' dir='ltr'><strong>solido</strong></span> <span class='ocrx_word' id='word_1_229' title='bbox 842 3764 918 3807; x_wconf 87' lang='lat' dir='ltr'><strong>eum</strong></span> <span class='ocrx_word' id='word_1_230' title='bbox 940 3766 1070 3834; x_wconf 88' lang='lat' dir='ltr'><strong>corpore</strong></span> <span class='ocrx_word' id='word_1_231' title='bbox 1092 3742 1208 3810; x_wconf 91' lang='lat' dir='ltr'><strong>mundi</strong></span> 
     </span>
    </p>

    <p class='ocr_par' dir='ltr' id='par_1_34' title="bbox 331 3844 1395 3928">
     <span class='ocr_line' id='line_1_36' title="bbox 331 3844 1395 3928; baseline 0.002 -20"><span class='ocrx_word' id='word_1_232' title='bbox 331 3853 486 3922; x_wconf 89' lang='lat' dir='ltr'><strong>naturast,</strong></span> <span class='ocrx_word' id='word_1_233' title='bbox 509 3845 663 3928; x_wconf 87' lang='lat' dir='ltr'><strong>quoniam</strong></span> <span class='ocrx_word' id='word_1_234' title='bbox 684 3844 900 3912; x_wconf 83' lang='lat' dir='ltr'><strong>admixtumst</strong></span> <span class='ocrx_word' id='word_1_235' title='bbox 922 3848 957 3911; x_wconf 94' lang='lat' dir='ltr'><strong>in</strong></span> <span class='ocrx_word' id='word_1_236' title='bbox 978 3849 1074 3913; x_wconf 88' lang='lat' dir='ltr'><strong>rebus</strong></span> <span class='ocrx_word' id='word_1_237' title='bbox 1096 3847 1202 3923; x_wconf 87' lang='lat' dir='ltr'><strong>inane,</strong></span> <span class='ocrx_word' id='word_1_238' title='bbox 1334 3846 1395 3926; x_wconf 79' lang='lat'><strong>365</strong></span> 
     </span>
    </p>
   </div>
   <div class='ocr_carea' id='block_1_4' title="bbox 245 4001 1397 4059">
    <p class='ocr_par' dir='ltr' id='par_1_35' title="bbox 245 4001 1397 4059">
     <span class='ocr_line' id='line_1_37' title="bbox 245 4001 1397 4059; baseline 0.004 -8"><span class='ocrx_word' id='word_1_239' title='bbox 245 4002 346 4052; x_wconf 81' lang='lat' dir='ltr'><strong>Natura</strong></span> <span class='ocrx_word' id='word_1_240' title='bbox 365 4009 401 4052; x_wconf 74' lang='lat' dir='ltr'><strong>est</strong></span> <span class='ocrx_word' id='word_1_241' title='bbox 419 4001 484 4053; x_wconf 71' lang='lat' dir='ltr'><strong>Mar·</strong></span> <span class='ocrx_word' id='word_1_242' title='bbox 502 4003 576 4054; x_wconf 70' lang='lat' dir='ltr'><strong>lunt.</strong></span> <span class='ocrx_word' id='word_1_243' title='bbox 593 4005 633 4054; x_wconf 88' lang='lat' dir='ltr'><strong>lor</strong></span> <span class='ocrx_word' id='word_1_244' title='bbox 649 4006 750 4055; x_wconf 76' lang='lat' dir='ltr'><strong>Natura</strong></span> <span class='ocrx_word' id='word_1_245' title='bbox 764 4007 887 4055; x_wconf 69' lang='lat' dir='ltr'><strong>mundior:</strong></span> <span class='ocrx_word' id='word_1_246' title='bbox 904 4007 959 4058; x_wconf 87' lang='lat' dir='ltr'><strong>this</strong></span> <span class='ocrx_word' id='word_1_247' title='bbox 974 4022 1094 4059; x_wconf 88' lang='lat' dir='ltr'><strong>oommon</strong></span> <span class='ocrx_word' id='word_1_248' title='bbox 1106 4007 1217 4059; x_wconf 85' lang='lat' dir='ltr'><strong>blunder</strong></span> <span class='ocrx_word' id='word_1_249' title='bbox 1227 4007 1255 4056; x_wconf 83' lang='lat' dir='ltr'><strong>ol</strong></span> <span class='ocrx_word' id='word_1_250' title='bbox 1270 4021 1318 4057; x_wconf 88' lang='lat' dir='ltr'><strong>our</strong></span> <span class='ocrx_word' id='word_1_251' title='bbox 1332 4021 1397 4057; x_wconf 87' lang='lat' dir='ltr'><strong>mss.</strong></span> 
     </span>
    </p>
   </div>
   <div class='ocr_carea' id='block_1_5' title="bbox 243 4082 1513 4396">
    <p class='ocr_par' dir='ltr' id='par_1_36' title="bbox 243 4082 1513 4396">
     <span class='ocr_line' id='line_1_38' title="bbox 244 4082 1397 4154; baseline 0.007 -21"><span class='ocrx_word' id='word_1_252' title='bbox 244 4082 318 4133; x_wconf 80' lang='lat' dir='ltr'><strong>Wak.</strong></span> <span class='ocrx_word' id='word_1_253' title='bbox 328 4082 391 4134; x_wconf 83' lang='lat' dir='ltr'><strong>here</strong></span> <span class='ocrx_word' id='word_1_254' title='bbox 401 4083 488 4147; x_wconf 78' lang='lat' dir='ltr'><strong>keeps.</strong></span> <span class='ocrx_word' id='word_1_255' title='bbox 585 4088 633 4138; x_wconf 80' lang='grc'><strong>339</strong></span> <span class='ocrx_word' id='word_1_256' title='bbox 646 4090 751 4151; x_wconf 69' lang='lat' dir='ltr'><strong>petitore</strong></span> <span class='ocrx_word' id='word_1_257' title='bbox 766 4088 837 4137; x_wconf 71' lang='lat' dir='ltr'><strong>Flet,</strong></span> <span class='ocrx_word' id='word_1_258' title='bbox 847 4089 879 4137; x_wconf 84' lang='lat' dir='ltr'><strong>s1</strong></span> <span class='ocrx_word' id='word_1_259' title='bbox 894 4090 934 4140; x_wconf 81' lang='lat' dir='ltr'><strong>ior</strong></span> <span class='ocrx_word' id='word_1_260' title='bbox 946 4094 1049 4153; x_wconf 75' lang='lat' dir='ltr'><strong>perisse.</strong></span> <span class='ocrx_word' id='word_1_261' title='bbox 1147 4091 1196 4141; x_wconf 73' lang='lat'><strong>842</strong></span> <span class='ocrx_word' id='word_1_262' title='bbox 1212 4098 1288 4153; x_wconf 74' lang='lat' dir='ltr'><strong>atque</strong></span> <span class='ocrx_word' id='word_1_263' title='bbox 1304 4092 1397 4154; x_wconf 77' lang='lat' dir='ltr'><strong>oppida</strong></span> 
     </span>
     <span class='ocr_line' id='line_1_39' title="bbox 243 4165 1299 4240; baseline 0.006 -25"><span class='ocrx_word' id='word_1_264' title='bbox 243 4165 313 4216; x_wconf 82' lang='lat' dir='ltr'><strong>Flor.</strong></span> <span class='ocrx_word' id='word_1_265' title='bbox 322 4166 353 4215; x_wconf 86' lang='lat' dir='ltr'><strong>al</strong></span> <span class='ocrx_word' id='word_1_266' title='bbox 366 4165 455 4216; x_wconf 77' lang='lat' dir='ltr'><strong>(lamb.</strong></span> <span class='ocrx_word' id='word_1_267' title='bbox 467 4167 621 4219; x_wconf 71' lang='lat' dir='ltr'><strong>Mentorea</strong></span> <span class='ocrx_word' id='word_1_268' title='bbox 632 4171 733 4232; x_wconf 76' lang='lat' dir='ltr'><strong>oppido.</strong></span> <span class='ocrx_word' id='word_1_269' title='bbox 766 4185 798 4220; x_wconf 87' lang='lat' dir='ltr'><strong>ac</strong></span> <span class='ocrx_word' id='word_1_270' title='bbox 809 4168 880 4220; x_wconf 83' lang='lat' dir='ltr'><strong>Nico.</strong></span> <span class='ocrx_word' id='word_1_271' title='bbox 892 4173 908 4220; x_wconf 72' lang='lat'>2</span> <span class='ocrx_word' id='word_1_272' title='bbox 919 4171 978 4222; x_wconf 86' lang='lat' dir='ltr'><strong>Vat.</strong></span> <span class='ocrx_word' id='word_1_273' title='bbox 994 4172 1064 4222; x_wconf 86' lang='lat' dir='ltr'><strong>Brix.</strong></span> <span class='ocrx_word' id='word_1_274' title='bbox 1072 4172 1135 4240; x_wconf 62' lang='lat' dir='ltr'><strong>yar.</strong></span> <span class='ocrx_word' id='word_1_275' title='bbox 1147 4173 1212 4223; x_wconf 84' lang='lat' dir='ltr'><strong>Van.</strong></span> <span class='ocrx_word' id='word_1_276' title='bbox 1223 4171 1299 4223; x_wconf 69' lang='lat' dir='ltr'><strong>wan</strong></span> 
     </span>
     <span class='ocr_line' id='line_1_40' title="bbox 276 4247 1397 4315; baseline 0.003 -18"><span class='ocrx_word' id='word_1_277' title='bbox 276 4248 325 4298; x_wconf 76' lang='grc'><strong>349</strong></span> <span class='ocrx_word' id='word_1_278' title='bbox 341 4249 419 4298; x_wconf 74' lang='lat' dir='ltr'><strong>ladem</strong></span> <span class='ocrx_word' id='word_1_279' title='bbox 436 4247 499 4299; x_wconf 83' lang='lat' dir='ltr'><strong>Pius</strong></span> <span class='ocrx_word' id='word_1_280' title='bbox 517 4249 546 4299; x_wconf 91' lang='lat' dir='ltr'><strong>in</strong></span> <span class='ocrx_word' id='word_1_281' title='bbox 564 4252 649 4310; x_wconf 85' lang='lat' dir='ltr'><strong>notes,</strong></span> <span class='ocrx_word' id='word_1_282' title='bbox 668 4250 759 4300; x_wconf 76' lang='lat' dir='ltr'><strong>hamb.</strong></span> <span class='ocrx_word' id='word_1_283' title='bbox 777 4250 818 4300; x_wconf 83' lang='lat' dir='ltr'><strong>lor</strong></span> <span class='ocrx_word' id='word_1_284' title='bbox 833 4251 900 4301; x_wconf 76' lang='lat' dir='ltr'><strong>idem</strong></span> <span class='ocrx_word' id='word_1_285' title='bbox 917 4251 1002 4302; x_wconf 80' lang='lat' dir='ltr'><strong>which</strong></span> <span class='ocrx_word' id='word_1_286' title='bbox 1020 4252 1102 4303; x_wconf 79' lang='lat' dir='ltr'><strong>Lech.</strong></span> <span class='ocrx_word' id='word_1_287' title='bbox 1121 4252 1212 4315; x_wconf 81' lang='lat' dir='ltr'><strong>keeps:</strong></span> <span class='ocrx_word' id='word_1_288' title='bbox 1236 4264 1280 4301; x_wconf 83' lang='lat' dir='ltr'><strong>aaa</strong></span> <span class='ocrx_word' id='word_1_289' title='bbox 1298 4264 1320 4299; x_wconf 92' lang='lat' dir='ltr'><strong>rr</strong></span> <span class='ocrx_word' id='word_1_290' title='bbox 1340 4251 1397 4302; x_wconf 78' lang='lat'><strong>69³.</strong></span> 
     </span>
     <span class='ocr_line' id='line_1_41' title="bbox 243 4328 1513 4396; baseline 0 -16"><span class='ocrx_word' id='word_1_291' title='bbox 243 4328 325 4380; x_wconf 84' lang='lat' dir='ltr'><strong>Laab.</strong></span> <span class='ocrx_word' id='word_1_292' title='bbox 336 4343 387 4381; x_wconf 82' lang='lat' dir='ltr'><strong>was</strong></span> <span class='ocrx_word' id='word_1_293' title='bbox 402 4329 447 4381; x_wconf 85' lang='lat' dir='ltr'><strong>tha</strong></span> <span class='ocrx_word' id='word_1_294' title='bbox 461 4329 519 4382; x_wconf 82' lang='lat' dir='ltr'><strong>first</strong></span> <span class='ocrx_word' id='word_1_295' title='bbox 531 4332 559 4381; x_wconf 86' lang='lat' dir='ltr'><strong>to</strong></span> <span class='ocrx_word' id='word_1_296' title='bbox 572 4328 628 4394; x_wconf 82' lang='lat' dir='ltr'><strong>jein</strong></span> <span class='ocrx_word' id='word_1_297' title='bbox 645 4331 710 4381; x_wconf 78' lang='lat' dir='ltr'><strong>inter</strong></span> <span class='ocrx_word' id='word_1_298' title='bbox 726 4346 770 4381; x_wconf 80' lang='lat' dir='ltr'><strong>nor</strong></span> <span class='ocrx_word' id='word_1_299' title='bbox 780 4328 844 4381; x_wconf 81' lang='lat' dir='ltr'><strong>with</strong></span> <span class='ocrx_word' id='word_1_300' title='bbox 854 4329 923 4382; x_wconf 79' lang='lat' dir='ltr'><strong>what</strong></span> <span class='ocrx_word' id='word_1_301' title='bbox 938 4330 1045 4383; x_wconf 75' lang='lat' dir='ltr'><strong>fossows.</strong></span> <span class='ocrx_word' id='word_1_302' title='bbox 1143 4334 1193 4384; x_wconf 75' lang='lat'><strong>8⁵9</strong></span> <span class='ocrx_word' id='word_1_303' title='bbox 1203 4333 1238 4396; x_wconf 78' lang='lat' dir='ltr'><strong>fit</strong></span> <span class='ocrx_word' id='word_1_304' title='bbox 1249 4329 1328 4381; x_wconf 66' lang='lat' dir='ltr'><strong>Issen</strong></span> <span class='ocrx_word' id='word_1_305' title='bbox 1340 4330 1397 4380; x_wconf 81' lang='lat' dir='ltr'><strong>tlrat</strong></span> <span class='ocrx_word' id='word_1_306' title='bbox 1512 4349 1513 4370; x_wconf 63' lang='lat'><em>2</em></span> 
     </span>
    </p>
   </div>
   <div class='ocr_carea' id='block_1_6' title="bbox 0 0 1550 4984">
    <p class='ocr_par' dir='ltr' id='par_1_37' title="bbox 0 0 1550 4984">
     <span class='ocr_line' id='line_1_42' title="bbox 0 0 1550 4984; baseline 0 0"><span class='ocrx_word' id='word_1_307' title='bbox 0 0 1550 4984; x_wconf 95' lang='lat' dir='ltr'><strong> </strong></span> 
     </span>
    </p>
   </div>
  </div>
 </body>
</html>
