<?xml version="1.0" encoding="UTF-8"?>
<!DOCTYPE html PUBLIC "-//W3C//DTD XHTML 1.0 Transitional//EN"
    "http://www.w3.org/TR/xhtml1/DTD/xhtml1-transitional.dtd">
<html xmlns="http://www.w3.org/1999/xhtml" xml:lang="en" lang="en">
 <head>
  <title>
</title>
<meta http-equiv="Content-Type" content="text/html;charset=utf-8" />
  <meta name='ocr-system' content='tesseract 3.04.00' />
  <meta name='ocr-capabilities' content='ocr_page ocr_carea ocr_par ocr_line ocrx_word'/>
</head>
<body>
  <div class='ocr_page' id='page_1' title='image "./dererumnaturali01munrgoog_0130.png"; bbox 0 0 3092 4984; ppageno 0'>
   <div class='ocr_carea' id='block_1_1' title="bbox 703 201 1302 277">
    <p class='ocr_par' dir='ltr' id='par_1_1' title="bbox 703 201 1302 277">
     <span class='ocr_line' id='line_1_1' title="bbox 703 201 1302 277; baseline 0.017 -11"><span class='ocrx_word' id='word_1_1' title='bbox 703 201 738 267; x_wconf 92' lang='lat' dir='ltr'>II</span> <span class='ocrx_word' id='word_1_2' title='bbox 1247 228 1302 277; x_wconf 85' lang='lat'>111</span> 
     </span>
    </p>
   </div>
   <div class='ocr_carea' id='block_1_2' title="bbox 150 358 1305 2212">
    <p class='ocr_par' dir='ltr' id='par_1_2' title="bbox 150 358 1305 2212">
     <span class='ocr_line' id='line_1_2' title="bbox 181 358 1303 446; baseline 0 -22"><span class='ocrx_word' id='word_1_3' title='bbox 181 358 305 446; x_wconf 85' lang='lat' dir='ltr'>proinde</span> <span class='ocrx_word' id='word_1_4' title='bbox 326 359 445 426; x_wconf 87' lang='lat' dir='ltr'>colore</span> <span class='ocrx_word' id='word_1_5' title='bbox 473 379 582 424; x_wconf 83' lang='lat' dir='ltr'>cave</span> <span class='ocrx_word' id='word_1_6' title='bbox 608 358 781 444; x_wconf 82' lang='lat' dir='ltr'>contingas</span> <span class='ocrx_word' id='word_1_7' title='bbox 802 358 928 424; x_wconf 84' lang='lat' dir='ltr'>semina</span> <span class='ocrx_word' id='word_1_8' title='bbox 949 382 1066 439; x_wconf 89' lang='lat' dir='ltr'>rerum,</span> <span class='ocrx_word' id='word_1_9' title='bbox 1243 378 1281 446; x_wconf 82' lang='lat'>75</span> <span class='ocrx_word' id='word_1_10' title='bbox 1287 378 1303 446; x_wconf 77' lang='grc' dir='ltr'><strong>ς</strong></span> 
     </span>
     <span class='ocr_line' id='line_1_3' title="bbox 183 460 1088 535; baseline 0.001 -7"><span class='ocrx_word' id='word_1_11' title='bbox 183 487 217 530; x_wconf 91' lang='lat' dir='ltr'>ne</span> <span class='ocrx_word' id='word_1_12' title='bbox 237 464 298 529; x_wconf 88' lang='lat' dir='ltr'>tibi</span> <span class='ocrx_word' id='word_1_13' title='bbox 320 486 372 529; x_wconf 89' lang='lat' dir='ltr'>res</span> <span class='ocrx_word' id='word_1_14' title='bbox 395 462 579 535; x_wconf 79' lang='lat' dir='ltr'>redeant</span> <span class='ocrx_word' id='word_1_15' title='bbox 605 460 652 525; x_wconf 91' lang='lat' dir='ltr'>ad</span> <span class='ocrx_word' id='word_1_16' title='bbox 673 461 778 525; x_wconf 87' lang='lat' dir='ltr'>nilum</span> <span class='ocrx_word' id='word_1_17' title='bbox 799 461 948 527; x_wconf 84' lang='lat' dir='ltr'>funditus</span> <span class='ocrx_word' id='word_1_18' title='bbox 969 485 1088 529; x_wconf 81' lang='lat' dir='ltr'>omnes</span> 
     </span>
     <span class='ocr_line' id='line_1_4' title="bbox 217 561 1001 650; baseline -0.003 -17"><span class='ocrx_word' id='word_1_19' title='bbox 217 566 391 633; x_wconf 88' lang='lat' dir='ltr'>Praeterea</span> <span class='ocrx_word' id='word_1_20' title='bbox 415 566 453 631; x_wconf 89' lang='lat' dir='ltr'>si</span> <span class='ocrx_word' id='word_1_21' title='bbox 481 564 606 629; x_wconf 88' lang='lat' dir='ltr'>nulla</span> <span class='ocrx_word' id='word_1_22' title='bbox 631 561 743 628; x_wconf 86' lang='lat' dir='ltr'>coloris</span> <span class='ocrx_word' id='word_1_23' title='bbox 763 564 930 650; x_wconf 81' lang='lat' dir='ltr'>principiis</span> <span class='ocrx_word' id='word_1_24' title='bbox 951 576 1001 631; x_wconf 85' lang='lat' dir='ltr'>est</span> 
     </span>
     <span class='ocr_line' id='line_1_5' title="bbox 182 667 1085 753; baseline -0.002 -17"><span class='ocrx_word' id='word_1_25' title='bbox 182 669 302 736; x_wconf 85' lang='lat' dir='ltr'>reddita</span> <span class='ocrx_word' id='word_1_26' title='bbox 322 678 459 735; x_wconf 81' lang='lat' dir='ltr'>natura</span> <span class='ocrx_word' id='word_1_27' title='bbox 484 677 539 745; x_wconf 60' lang='lat' dir='ltr'>,et</span> <span class='ocrx_word' id='word_1_28' title='bbox 569 667 677 732; x_wconf 84' lang='lat' dir='ltr'>variis</span> <span class='ocrx_word' id='word_1_29' title='bbox 699 675 777 732; x_wconf 87' lang='lat' dir='ltr'>eunt</span> <span class='ocrx_word' id='word_1_30' title='bbox 798 667 946 753; x_wconf 87' lang='lat' dir='ltr'>praedita</span> <span class='ocrx_word' id='word_1_31' title='bbox 968 668 1085 746; x_wconf 79' lang='lat' dir='ltr'>formis,</span> 
     </span>
     <span class='ocr_line' id='line_1_6' title="bbox 183 774 1150 864; baseline -0.003 -20"><span class='ocrx_word' id='word_1_32' title='bbox 183 779 336 864; x_wconf 78' lang='lat' dir='ltr'>equibus</span> <span class='ocrx_word' id='word_1_33' title='bbox 357 799 477 844; x_wconf 83' lang='lat' dir='ltr'>omne</span> <span class='ocrx_word' id='word_1_34' title='bbox 502 796 635 862; x_wconf 84' lang='lat' dir='ltr'>genus</span> <span class='ocrx_word' id='word_1_35' title='bbox 655 774 796 859; x_wconf 78' lang='lat' dir='ltr'>gignunt</span> <span class='ocrx_word' id='word_1_36' title='bbox 817 774 1009 859; x_wconf 80' lang='lat' dir='ltr'><strong>variantque</strong></span> <span class='ocrx_word' id='word_1_37' title='bbox 1031 776 1150 841; x_wconf 83' lang='lat' dir='ltr'>colores</span> 
     </span>
     <span class='ocr_line' id='line_1_7' title="bbox 184 876 1304 969; baseline 0 -21"><span class='ocrx_word' id='word_1_38' title='bbox 184 892 358 969; x_wconf 80' lang='lat' dir='ltr'>propterea,</span> <span class='ocrx_word' id='word_1_39' title='bbox 381 879 525 967; x_wconf 83' lang='lat' dir='ltr'>magni</span> <span class='ocrx_word' id='word_1_40' title='bbox 555 876 655 963; x_wconf 89' lang='lat' dir='ltr'>quod</span> <span class='ocrx_word' id='word_1_41' title='bbox 677 876 775 942; x_wconf 79' lang='lat' dir='ltr'>refert</span> <span class='ocrx_word' id='word_1_42' title='bbox 796 878 921 943; x_wconf 88' lang='lat' dir='ltr'>semina</span> <span class='ocrx_word' id='word_1_43' title='bbox 942 900 1090 966; x_wconf 87' lang='lat' dir='ltr'>quaeque</span> <span class='ocrx_word' id='word_1_44' title='bbox 1239 882 1304 965; x_wconf 90' lang='lat'>760</span> 
     </span>
     <span class='ocr_line' id='line_1_8' title="bbox 185 981 1031 1073; baseline -0.004 -22"><span class='ocrx_word' id='word_1_45' title='bbox 185 1009 254 1051; x_wconf 87' lang='lat' dir='ltr'>eum</span> <span class='ocrx_word' id='word_1_46' title='bbox 276 987 398 1073; x_wconf 88' lang='lat' dir='ltr'>quibus</span> <span class='ocrx_word' id='word_1_47' title='bbox 425 994 473 1051; x_wconf 87' lang='lat' dir='ltr'>et</span> <span class='ocrx_word' id='word_1_48' title='bbox 501 981 615 1069; x_wconf 84' lang='lat' dir='ltr'>quali</span> <span class='ocrx_word' id='word_1_49' title='bbox 638 981 783 1066; x_wconf 83' lang='lat' dir='ltr'>positura</span> <span class='ocrx_word' id='word_1_50' title='bbox 802 983 1031 1048; x_wconf 88' lang='lat' dir='ltr'>contineantur</span> 
     </span>
     <span class='ocr_line' id='line_1_9' title="bbox 187 1085 1021 1176; baseline -0.006 -21"><span class='ocrx_word' id='word_1_51' title='bbox 187 1100 216 1155; x_wconf 88' lang='lat' dir='ltr'>et</span> <span class='ocrx_word' id='word_1_52' title='bbox 237 1113 318 1176; x_wconf 91' lang='lat' dir='ltr'>quos</span> <span class='ocrx_word' id='word_1_53' title='bbox 339 1091 437 1154; x_wconf 87' lang='lat' dir='ltr'>inter</span> <span class='ocrx_word' id='word_1_54' title='bbox 465 1110 511 1152; x_wconf 85' lang='lat' dir='ltr'>se</span> <span class='ocrx_word' id='word_1_55' title='bbox 541 1085 637 1151; x_wconf 90' lang='lat' dir='ltr'>dent</span> <span class='ocrx_word' id='word_1_56' title='bbox 658 1092 767 1149; x_wconf 87' lang='lat' dir='ltr'>motus</span> <span class='ocrx_word' id='word_1_57' title='bbox 788 1085 1021 1171; x_wconf 76' lang='lat' dir='ltr'>accipiantque,</span> 
     </span>
     <span class='ocr_line' id='line_1_10' title="bbox 187 1188 1029 1279; baseline -0.005 -21"><span class='ocrx_word' id='word_1_58' title='bbox 187 1194 335 1279; x_wconf 78' lang='lat' dir='ltr'>perfacile</span> <span class='ocrx_word' id='word_1_59' title='bbox 357 1190 561 1277; x_wconf 77' lang='lat' dir='ltr'>extemplo</span> <span class='ocrx_word' id='word_1_60' title='bbox 586 1188 749 1253; x_wconf 90' lang='lat' dir='ltr'>rationem</span> <span class='ocrx_word' id='word_1_61' title='bbox 771 1188 904 1254; x_wconf 88' lang='lat' dir='ltr'>reddere</span> <span class='ocrx_word' id='word_1_62' title='bbox 926 1190 1029 1275; x_wconf 84' lang='lat' dir='ltr'>possis</span> 
     </span>
     <span class='ocr_line' id='line_1_11' title="bbox 189 1290 1065 1383; baseline -0.003 -22"><span class='ocrx_word' id='word_1_63' title='bbox 189 1321 243 1362; x_wconf 86' lang='lat' dir='ltr'>cnr</span> <span class='ocrx_word' id='word_1_64' title='bbox 263 1320 305 1362; x_wconf 89' lang='lat' dir='ltr'>ea</span> <span class='ocrx_word' id='word_1_65' title='bbox 326 1320 416 1383; x_wconf 85' lang='lat' dir='ltr'>quae</span> <span class='ocrx_word' id='word_1_66' title='bbox 442 1296 562 1381; x_wconf 85' lang='lat' dir='ltr'>nigro</span> <span class='ocrx_word' id='word_1_67' title='bbox 587 1290 713 1359; x_wconf 83' lang='lat' dir='ltr'>fuerint</span> <span class='ocrx_word' id='word_1_68' title='bbox 734 1292 831 1378; x_wconf 88' lang='lat' dir='ltr'>paulo</span> <span class='ocrx_word' id='word_1_69' title='bbox 853 1302 930 1358; x_wconf 91' lang='lat' dir='ltr'>aute</span> <span class='ocrx_word' id='word_1_70' title='bbox 953 1293 1065 1371; x_wconf 74' lang='lat' dir='ltr'>colore,</span> 
     </span>
     <span class='ocr_line' id='line_1_12' title="bbox 193 1394 1300 1484; baseline -0.003 -18"><span class='ocrx_word' id='word_1_71' title='bbox 193 1423 370 1466; x_wconf 86' lang='lat' dir='ltr'>marmoreo</span> <span class='ocrx_word' id='word_1_72' title='bbox 393 1399 479 1465; x_wconf 87' lang='lat' dir='ltr'>fieri</span> <span class='ocrx_word' id='word_1_73' title='bbox 504 1396 649 1484; x_wconf 79' lang='lat' dir='ltr'>possint</span> <span class='ocrx_word' id='word_1_74' title='bbox 670 1394 806 1460; x_wconf 78' lang='lat' dir='ltr'>candore</span> <span class='ocrx_word' id='word_1_75' title='bbox 826 1406 977 1481; x_wconf 89' lang='lat' dir='ltr'>repente;</span> <span class='ocrx_word' id='word_1_76' title='bbox 1238 1400 1300 1481; x_wconf 80' lang='lat'>765</span> 
     </span>
     <span class='ocr_line' id='line_1_13' title="bbox 196 1504 1127 1590; baseline -0.001 -19"><span class='ocrx_word' id='word_1_77' title='bbox 196 1516 233 1572; x_wconf 92' lang='lat' dir='ltr'>ut</span> <span class='ocrx_word' id='word_1_78' title='bbox 253 1531 352 1585; x_wconf 85' lang='lat' dir='ltr'>mare,</span> <span class='ocrx_word' id='word_1_79' title='bbox 376 1530 462 1573; x_wconf 88' lang='lat' dir='ltr'>cum</span> <span class='ocrx_word' id='word_1_80' title='bbox 489 1504 621 1590; x_wconf 83' lang='lat' dir='ltr'>magni</span> <span class='ocrx_word' id='word_1_81' title='bbox 642 1511 844 1568; x_wconf 88' lang='lat' dir='ltr'>commorunt</span> <span class='ocrx_word' id='word_1_82' title='bbox 867 1526 1007 1589; x_wconf 87' lang='lat' dir='ltr'>aequora</span> <span class='ocrx_word' id='word_1_83' title='bbox 1027 1505 1127 1584; x_wconf 82' lang='lat' dir='ltr'>venti,</span> 
     </span>
     <span class='ocr_line' id='line_1_14' title="bbox 200 1607 1057 1688; baseline -0.001 -13"><span class='ocrx_word' id='word_1_84' title='bbox 200 1613 335 1678; x_wconf 83' lang='lat' dir='ltr'>vertitur</span> <span class='ocrx_word' id='word_1_85' title='bbox 357 1612 395 1678; x_wconf 90' lang='lat' dir='ltr'>in</span> <span class='ocrx_word' id='word_1_86' title='bbox 418 1633 536 1677; x_wconf 85' lang='lat' dir='ltr'>canos</span> <span class='ocrx_word' id='word_1_87' title='bbox 562 1607 720 1674; x_wconf 77' lang='lat' dir='ltr'>candenti</span> <span class='ocrx_word' id='word_1_88' title='bbox 741 1630 898 1673; x_wconf 88' lang='lat' dir='ltr'>marmore</span> <span class='ocrx_word' id='word_1_89' title='bbox 920 1608 1057 1688; x_wconf 80' lang='lat' dir='ltr'>fluctus3</span> 
     </span>
     <span class='ocr_line' id='line_1_15' title="bbox 204 1713 1141 1805; baseline -0.003 -25"><span class='ocrx_word' id='word_1_90' title='bbox 204 1715 308 1783; x_wconf 86' lang='lat' dir='ltr'>dicere</span> <span class='ocrx_word' id='word_1_91' title='bbox 329 1719 423 1805; x_wconf 75' lang='lat' dir='ltr'>enim</span> <span class='ocrx_word' id='word_1_92' title='bbox 450 1713 581 1803; x_wconf 75' lang='lat' dir='ltr'>possis,</span> <span class='ocrx_word' id='word_1_93' title='bbox 603 1713 735 1799; x_wconf 77' lang='lat' dir='ltr'>nigrum</span> <span class='ocrx_word' id='word_1_94' title='bbox 757 1713 844 1798; x_wconf 90' lang='lat' dir='ltr'>quod</span> <span class='ocrx_word' id='word_1_95' title='bbox 867 1734 962 1798; x_wconf 82' lang='lat' dir='ltr'>saepe</span> <span class='ocrx_word' id='word_1_96' title='bbox 984 1713 1141 1792; x_wconf 84' lang='lat' dir='ltr'>ridemus,</span> 
     </span>
     <span class='ocr_line' id='line_1_16' title="bbox 150 1814 984 1905; baseline -0.01 -19"><span class='ocrx_word' id='word_1_97' title='bbox 150 1852 154 1863; x_wconf 61' lang='lat'><strong><em>⁴</em></strong></span> <span class='ocrx_word' id='word_1_98' title='bbox 208 1822 358 1885; x_wconf 78' lang='lat' dir='ltr'>materies</span> <span class='ocrx_word' id='word_1_99' title='bbox 379 1820 444 1885; x_wconf 87' lang='lat' dir='ltr'>ubi</span> <span class='ocrx_word' id='word_1_100' title='bbox 468 1816 648 1905; x_wconf 83' lang='lat' dir='ltr'>permixta</span> <span class='ocrx_word' id='word_1_101' title='bbox 669 1823 719 1880; x_wconf 86' lang='lat' dir='ltr'>est</span> <span class='ocrx_word' id='word_1_102' title='bbox 740 1815 829 1880; x_wconf 89' lang='lat' dir='ltr'>illius</span> <span class='ocrx_word' id='word_1_103' title='bbox 851 1824 886 1879; x_wconf 87' lang='lat' dir='ltr'>et</span> <span class='ocrx_word' id='word_1_104' title='bbox 907 1814 984 1879; x_wconf 89' lang='lat' dir='ltr'>ordo</span> 
     </span>
     <span class='ocr_line' id='line_1_17' title="bbox 210 1916 1305 2009; baseline -0.003 -20"><span class='ocrx_word' id='word_1_105' title='bbox 210 1924 375 2009; x_wconf 84' lang='lat' dir='ltr'>principiis</span> <span class='ocrx_word' id='word_1_106' title='bbox 396 1930 564 1987; x_wconf 85' lang='lat' dir='ltr'>mutatus</span> <span class='ocrx_word' id='word_1_107' title='bbox 586 1926 622 1984; x_wconf 90' lang='lat' dir='ltr'>et</span> <span class='ocrx_word' id='word_1_108' title='bbox 643 1917 755 1983; x_wconf 87' lang='lat' dir='ltr'>addita</span> <span class='ocrx_word' id='word_1_109' title='bbox 776 1917 975 2002; x_wconf 88' lang='lat' dir='ltr'>demptaque</span> <span class='ocrx_word' id='word_1_110' title='bbox 997 1916 1166 2001; x_wconf 83' lang='lat' dir='ltr'>quaedam,</span> <span class='ocrx_word' id='word_1_111' title='bbox 1240 1935 1305 2002; x_wconf 91' lang='lat'>770</span> 
     </span>
     <span class='ocr_line' id='line_1_18' title="bbox 215 2019 1130 2091; baseline -0.007 0"><span class='ocrx_word' id='word_1_112' title='bbox 215 2027 367 2091; x_wconf 83' lang='lat' dir='ltr'>continuo</span> <span class='ocrx_word' id='word_1_113' title='bbox 388 2025 426 2090; x_wconf 88' lang='lat' dir='ltr'>id</span> <span class='ocrx_word' id='word_1_114' title='bbox 449 2024 531 2089; x_wconf 85' lang='lat' dir='ltr'>ficri</span> <span class='ocrx_word' id='word_1_115' title='bbox 554 2031 595 2087; x_wconf 92' lang='lat' dir='ltr'>ut</span> <span class='ocrx_word' id='word_1_116' title='bbox 617 2021 759 2087; x_wconf 87' lang='lat' dir='ltr'>candens</span> <span class='ocrx_word' id='word_1_117' title='bbox 781 2020 933 2085; x_wconf 86' lang='lat' dir='ltr'>videatur</span> <span class='ocrx_word' id='word_1_118' title='bbox 954 2028 988 2084; x_wconf 90' lang='lat' dir='ltr'>et</span> <span class='ocrx_word' id='word_1_119' title='bbox 1010 2019 1130 2085; x_wconf 83' lang='lat' dir='ltr'>album</span> 
     </span>
     <span class='ocr_line' id='line_1_19' title="bbox 220 2122 1032 2212; baseline -0.004 -21"><span class='ocrx_word' id='word_1_120' title='bbox 220 2126 306 2212; x_wconf 88' lang='lat' dir='ltr'>qnod</span> <span class='ocrx_word' id='word_1_121' title='bbox 327 2127 356 2192; x_wconf 86' lang='lat' dir='ltr'>si</span> <span class='ocrx_word' id='word_1_122' title='bbox 377 2126 545 2193; x_wconf 86' lang='lat' dir='ltr'>caeruleis</span> <span class='ocrx_word' id='word_1_123' title='bbox 567 2132 754 2189; x_wconf 88' lang='lat' dir='ltr'>constarent</span> <span class='ocrx_word' id='word_1_124' title='bbox 776 2144 919 2208; x_wconf 85' lang='lat' dir='ltr'>aequora</span> <span class='ocrx_word' id='word_1_125' title='bbox 939 2122 1032 2207; x_wconf 89' lang='lat' dir='ltr'>ponti</span> 
     </span>
    </p>
   </div>
   <div class='ocr_carea' id='block_1_3' title="bbox 22 2228 1001 2347">
    <p class='ocr_par' dir='ltr' id='par_1_3' title="bbox 22 2228 1001 2347">
     <span class='ocr_line' id='line_1_20' title="bbox 22 2228 1001 2347; baseline 0.005 -56"><span class='ocrx_word' id='word_1_126' title='bbox 22 2300 24 2347; x_wconf 66' lang='grc' dir='ltr'>Ι</span> <span class='ocrx_word' id='word_1_127' title='bbox 223 2231 407 2309; x_wconf 84' lang='lat' dir='ltr'>seminibus,</span> <span class='ocrx_word' id='word_1_128' title='bbox 430 2231 529 2295; x_wconf 91' lang='lat' dir='ltr'>nullo</span> <span class='ocrx_word' id='word_1_129' title='bbox 551 2238 683 2315; x_wconf 78' lang='lat' dir='ltr'>possent</span> <span class='ocrx_word' id='word_1_130' title='bbox 704 2228 865 2294; x_wconf 84' lang='lat' dir='ltr'>albescere</span> <span class='ocrx_word' id='word_1_131' title='bbox 887 2236 981 2313; x_wconf 81' lang='lat' dir='ltr'>pacto</span> <span class='ocrx_word' id='word_1_132' title='bbox 992 2250 1001 2307; x_wconf 92' lang='lat'>;</span> 
     </span>
    </p>
   </div>
   <div class='ocr_carea' id='block_1_4' title="bbox 21 2331 1190 2433">
    <p class='ocr_par' dir='ltr' id='par_1_4' title="bbox 21 2331 1190 2433">
     <span class='ocr_line' id='line_1_21' title="bbox 21 2331 1190 2433; baseline -0.007 -30"><span class='ocrx_word' id='word_1_133' title='bbox 21 2354 24 2433; x_wconf 67' lang='lat' dir='ltr'>J</span> <span class='ocrx_word' id='word_1_134' title='bbox 223 2357 299 2399; x_wconf 88' lang='lat' dir='ltr'>nam</span> <span class='ocrx_word' id='word_1_135' title='bbox 319 2356 531 2421; x_wconf 88' lang='lat' dir='ltr'>quocumque</span> <span class='ocrx_word' id='word_1_136' title='bbox 554 2332 651 2398; x_wconf 89' lang='lat' dir='ltr'>modo</span> <span class='ocrx_word' id='word_1_137' title='bbox 672 2332 841 2418; x_wconf 82' lang='lat' dir='ltr'>perturbes</span> <span class='ocrx_word' id='word_1_138' title='bbox 862 2331 990 2397; x_wconf 83' lang='lat' dir='ltr'>caemla</span> <span class='ocrx_word' id='word_1_139' title='bbox 1011 2353 1095 2418; x_wconf 91' lang='lat' dir='ltr'>quae</span> <span class='ocrx_word' id='word_1_140' title='bbox 1117 2332 1190 2407; x_wconf 86' lang='lat' dir='ltr'>sint,</span> 
     </span>
    </p>
   </div>
   <div class='ocr_carea' id='block_1_5' title="bbox 228 2436 1304 3553">
    <p class='ocr_par' dir='ltr' id='par_1_5' title="bbox 228 2436 1298 2625">
     <span class='ocr_line' id='line_1_22' title="bbox 228 2436 1298 2524; baseline 0.002 -22"><span class='ocrx_word' id='word_1_141' title='bbox 228 2461 405 2524; x_wconf 86' lang='lat' dir='ltr'>numquam</span> <span class='ocrx_word' id='word_1_142' title='bbox 427 2438 465 2502; x_wconf 91' lang='lat' dir='ltr'>in</span> <span class='ocrx_word' id='word_1_143' title='bbox 487 2457 708 2502; x_wconf 88' lang='lat' dir='ltr'>marmoreum</span> <span class='ocrx_word' id='word_1_144' title='bbox 729 2445 864 2521; x_wconf 86' lang='lat' dir='ltr'>possunt</span> <span class='ocrx_word' id='word_1_145' title='bbox 885 2436 1022 2521; x_wconf 84' lang='lat' dir='ltr'>migrare</span> <span class='ocrx_word' id='word_1_146' title='bbox 1044 2437 1190 2503; x_wconf 81' lang='lat' dir='ltr'>colorem</span> <span class='ocrx_word' id='word_1_147' title='bbox 1237 2452 1298 2520; x_wconf 80' lang='lat'>775</span> 
     </span>
     <span class='ocr_line' id='line_1_23' title="bbox 230 2538 1070 2625; baseline 0.001 -22"><span class='ocrx_word' id='word_1_148' title='bbox 230 2540 280 2603; x_wconf 86' lang='lat' dir='ltr'>sin</span> <span class='ocrx_word' id='word_1_149' title='bbox 300 2540 364 2604; x_wconf 86' lang='lat' dir='ltr'>alio</span> <span class='ocrx_word' id='word_1_150' title='bbox 386 2548 488 2625; x_wconf 86' lang='lat' dir='ltr'>atque</span> <span class='ocrx_word' id='word_1_151' title='bbox 511 2539 576 2603; x_wconf 86' lang='lat' dir='ltr'>alio</span> <span class='ocrx_word' id='word_1_152' title='bbox 599 2547 676 2603; x_wconf 90' lang='lat' dir='ltr'>sunt</span> <span class='ocrx_word' id='word_1_153' title='bbox 697 2539 822 2611; x_wconf 84' lang='lat' dir='ltr'>semina</span> <span class='ocrx_word' id='word_1_154' title='bbox 844 2538 947 2604; x_wconf 83' lang='lat' dir='ltr'>tincta</span> <span class='ocrx_word' id='word_1_155' title='bbox 967 2540 1070 2604; x_wconf 81' lang='lat' dir='ltr'>colore</span> 
     </span>
    </p>

    <p class='ocr_par' dir='ltr' id='par_1_6' title="bbox 231 2641 1101 2728">
     <span class='ocr_line' id='line_1_24' title="bbox 231 2641 1101 2728; baseline 0.003 -22"><span class='ocrx_word' id='word_1_156' title='bbox 231 2662 312 2725; x_wconf 86' lang='lat' dir='ltr'>quae</span> <span class='ocrx_word' id='word_1_157' title='bbox 334 2642 435 2707; x_wconf 86' lang='lat' dir='ltr'>maris</span> <span class='ocrx_word' id='word_1_158' title='bbox 457 2641 606 2707; x_wconf 88' lang='lat' dir='ltr'>efficiunt</span> <span class='ocrx_word' id='word_1_159' title='bbox 627 2662 728 2706; x_wconf 90' lang='lat' dir='ltr'>unum</span> <span class='ocrx_word' id='word_1_160' title='bbox 750 2664 934 2728; x_wconf 88' lang='lat' dir='ltr'>purumque</span> <span class='ocrx_word' id='word_1_161' title='bbox 955 2642 1101 2721; x_wconf 85' lang='lat' dir='ltr'>nitorem,</span> 
     </span>
    </p>

    <p class='ocr_par' dir='ltr' id='par_1_7' title="bbox 231 2743 1090 2831">
     <span class='ocr_line' id='line_1_25' title="bbox 231 2743 1090 2831; baseline 0.006 -25"><span class='ocrx_word' id='word_1_162' title='bbox 231 2752 270 2807; x_wconf 89' lang='lat' dir='ltr'>ut</span> <span class='ocrx_word' id='word_1_163' title='bbox 290 2766 386 2829; x_wconf 84' lang='lat' dir='ltr'>saepe</span> <span class='ocrx_word' id='word_1_164' title='bbox 407 2767 449 2810; x_wconf 86' lang='lat' dir='ltr'>ex</span> <span class='ocrx_word' id='word_1_165' title='bbox 471 2744 545 2810; x_wconf 87' lang='lat' dir='ltr'>aliis</span> <span class='ocrx_word' id='word_1_166' title='bbox 566 2743 677 2810; x_wconf 83' lang='lat' dir='ltr'>formis</span> <span class='ocrx_word' id='word_1_167' title='bbox 698 2744 857 2831; x_wconf 80' lang='lat' dir='ltr'>variisque</span> <span class='ocrx_word' id='word_1_168' title='bbox 878 2746 988 2831; x_wconf 81' lang='lat' dir='ltr'>figuris</span> <span class='ocrx_word' id='word_1_169' title='bbox 1088 2772 1090 2775; x_wconf 92' lang='lat'>·</span> 
     </span>
    </p>

    <p class='ocr_par' dir='ltr' id='par_1_8' title="bbox 233 2847 1050 2936">
     <span class='ocr_line' id='line_1_26' title="bbox 233 2847 1050 2936; baseline 0.006 -25"><span class='ocrx_word' id='word_1_170' title='bbox 233 2847 368 2913; x_wconf 86' lang='lat' dir='ltr'>efficitur</span> <span class='ocrx_word' id='word_1_171' title='bbox 390 2847 547 2934; x_wconf 87' lang='lat' dir='ltr'>quiddam</span> <span class='ocrx_word' id='word_1_172' title='bbox 569 2848 766 2935; x_wconf 89' lang='lat' dir='ltr'>quadratum</span> <span class='ocrx_word' id='word_1_173' title='bbox 787 2872 916 2936; x_wconf 85' lang='lat' dir='ltr'>unaque</span> <span class='ocrx_word' id='word_1_174' title='bbox 938 2849 1050 2935; x_wconf 70' lang='lat' dir='ltr'>figura</span> 
     </span>
    </p>

    <p class='ocr_par' dir='ltr' id='par_1_9' title="bbox 233 2950 1304 3143">
     <span class='ocr_line' id='line_1_27' title="bbox 233 2950 1304 3037; baseline 0.006 -23"><span class='ocrx_word' id='word_1_175' title='bbox 233 2950 454 3028; x_wconf 80' lang='lat' dir='ltr'>conveniebat,</span> <span class='ocrx_word' id='word_1_176' title='bbox 477 2951 573 3016; x_wconf 88' lang='lat' dir='ltr'>utin</span> <span class='ocrx_word' id='word_1_177' title='bbox 595 2950 754 3037; x_wconf 87' lang='lat' dir='ltr'>quadrato</span> <span class='ocrx_word' id='word_1_178' title='bbox 772 2953 934 3017; x_wconf 85' lang='lat' dir='ltr'>cernimus</span> <span class='ocrx_word' id='word_1_179' title='bbox 957 2974 1026 3017; x_wconf 84' lang='lat' dir='ltr'>esse</span> <span class='ocrx_word' id='word_1_180' title='bbox 1238 2957 1304 3037; x_wconf 88' lang='lat'>780</span> 
     </span>
     <span class='ocr_line' id='line_1_28' title="bbox 233 3054 1104 3143; baseline 0.002 -23"><span class='ocrx_word' id='word_1_181' title='bbox 233 3054 403 3121; x_wconf 73' lang='lat' dir='ltr'>dissimiles</span> <span class='ocrx_word' id='word_1_182' title='bbox 424 3055 551 3133; x_wconf 84' lang='lat' dir='ltr'>formas,</span> <span class='ocrx_word' id='word_1_183' title='bbox 574 3056 623 3122; x_wconf 87' lang='lat' dir='ltr'>ita</span> <span class='ocrx_word' id='word_1_184' title='bbox 643 3079 772 3123; x_wconf 90' lang='lat' dir='ltr'>cernere</span> <span class='ocrx_word' id='word_1_185' title='bbox 794 3058 830 3122; x_wconf 95' lang='lat' dir='ltr'>in</span> <span class='ocrx_word' id='word_1_186' title='bbox 851 3079 991 3143; x_wconf 88' lang='lat' dir='ltr'>aequore</span> <span class='ocrx_word' id='word_1_187' title='bbox 1012 3058 1104 3143; x_wconf 84' lang='lat' dir='ltr'>ponti</span> 
     </span>
    </p>

    <p class='ocr_par' dir='ltr' id='par_1_10' title="bbox 232 3157 958 3246">
     <span class='ocr_line' id='line_1_29' title="bbox 232 3157 958 3246; baseline 0.006 -26"><span class='ocrx_word' id='word_1_188' title='bbox 232 3166 290 3221; x_wconf 85' lang='lat' dir='ltr'>ant</span> <span class='ocrx_word' id='word_1_189' title='bbox 313 3157 377 3221; x_wconf 88' lang='lat' dir='ltr'>alio</span> <span class='ocrx_word' id='word_1_190' title='bbox 401 3157 437 3222; x_wconf 92' lang='lat' dir='ltr'>in</span> <span class='ocrx_word' id='word_1_191' title='bbox 459 3158 573 3243; x_wconf 85' lang='lat' dir='ltr'>quovis</span> <span class='ocrx_word' id='word_1_192' title='bbox 593 3181 660 3224; x_wconf 92' lang='lat' dir='ltr'>uno</span> <span class='ocrx_word' id='word_1_193' title='bbox 682 3180 829 3246; x_wconf 91' lang='lat' dir='ltr'>puroque</span> <span class='ocrx_word' id='word_1_194' title='bbox 852 3159 958 3225; x_wconf 87' lang='lat' dir='ltr'>nitore</span> 
     </span>
    </p>

    <p class='ocr_par' dir='ltr' id='par_1_11' title="bbox 233 3259 1029 3347">
     <span class='ocr_line' id='line_1_30' title="bbox 233 3259 1029 3347; baseline 0.005 -23"><span class='ocrx_word' id='word_1_195' title='bbox 233 3259 404 3326; x_wconf 66' lang='lat' dir='ltr'>dummilee</span> <span class='ocrx_word' id='word_1_196' title='bbox 427 3260 522 3346; x_wconf 79' lang='lat' dir='ltr'>longe</span> <span class='ocrx_word' id='word_1_197' title='bbox 544 3261 688 3328; x_wconf 84' lang='lat' dir='ltr'>interae</span> <span class='ocrx_word' id='word_1_198' title='bbox 710 3261 879 3347; x_wconf 83' lang='lat' dir='ltr'>variosque</span> <span class='ocrx_word' id='word_1_199' title='bbox 902 3260 1029 3328; x_wconf 79' lang='lat' dir='ltr'>colores</span> 
     </span>
    </p>

    <p class='ocr_par' dir='ltr' id='par_1_12' title="bbox 233 3362 1001 3448">
     <span class='ocr_line' id='line_1_31' title="bbox 233 3362 1001 3448; baseline 0.001 -22"><span class='ocrx_word' id='word_1_200' title='bbox 233 3371 403 3446; x_wconf 86' lang='lat' dir='ltr'>praeterea</span> <span class='ocrx_word' id='word_1_201' title='bbox 424 3362 472 3428; x_wconf 85' lang='lat' dir='ltr'>nil</span> <span class='ocrx_word' id='word_1_202' title='bbox 492 3363 637 3429; x_wconf 87' lang='lat' dir='ltr'>officiunt</span> <span class='ocrx_word' id='word_1_203' title='bbox 660 3364 857 3448; x_wconf 88' lang='lat' dir='ltr'>obstantque</span> <span class='ocrx_word' id='word_1_204' title='bbox 878 3362 1001 3448; x_wconf 81' lang='lat' dir='ltr'>figurae</span> 
     </span>
    </p>

    <p class='ocr_par' dir='ltr' id='par_1_13' title="bbox 232 3465 1301 3553">
     <span class='ocr_line' id='line_1_32' title="bbox 232 3465 1301 3553; baseline 0 -22"><span class='ocrx_word' id='word_1_205' title='bbox 232 3465 492 3553; x_wconf 83' lang='lat' dir='ltr'>dissimilesque</span> <span class='ocrx_word' id='word_1_206' title='bbox 514 3468 710 3553; x_wconf 87' lang='lat' dir='ltr'>quadratum</span> <span class='ocrx_word' id='word_1_207' title='bbox 733 3470 845 3534; x_wconf 88' lang='lat' dir='ltr'>minus</span> <span class='ocrx_word' id='word_1_208' title='bbox 868 3490 964 3533; x_wconf 89' lang='lat' dir='ltr'>omne</span> <span class='ocrx_word' id='word_1_209' title='bbox 985 3467 1029 3532; x_wconf 86' lang='lat' dir='ltr'>eit</span> <span class='ocrx_word' id='word_1_210' title='bbox 1052 3476 1162 3549; x_wconf 81' lang='lat' dir='ltr'>extra3</span> <span class='ocrx_word' id='word_1_211' title='bbox 1240 3469 1301 3551; x_wconf 79' lang='lat'>785</span> 
     </span>
    </p>
   </div>
   <div class='ocr_carea' id='block_1_6' title="bbox 21 3611 1302 3924">
    <p class='ocr_par' dir='ltr' id='par_1_14' title="bbox 21 3611 1302 3924">
     <span class='ocr_line' id='line_1_33' title="bbox 135 3611 1301 3679; baseline 0.009 -22"><span class='ocrx_word' id='word_1_212' title='bbox 135 3612 267 3660; x_wconf 66' lang='lat' dir='ltr'>am.</span> <span class='ocrx_word' id='word_1_213' title='bbox 293 3611 504 3663; x_wconf 65' lang='lat' dir='ltr'>amsans.</span> <span class='ocrx_word' id='word_1_214' title='bbox 518 3613 740 3665; x_wconf 64' lang='lat' dir='ltr'>dmrflnnllnr:</span> <span class='ocrx_word' id='word_1_215' title='bbox 757 3613 984 3666; x_wconf 68' lang='lat' dir='ltr'>seenctetotlt.</span> <span class='ocrx_word' id='word_1_216' title='bbox 1083 3614 1131 3666; x_wconf 74' lang='lat' dir='ltr'>rte</span> <span class='ocrx_word' id='word_1_217' title='bbox 1146 3629 1301 3679; x_wconf 68' lang='lat' dir='ltr'>omem</span> 
     </span>
     <span class='ocr_line' id='line_1_34' title="bbox 136 3686 1301 3759; baseline 0.009 -20"><span class='ocrx_word' id='word_1_218' title='bbox 136 3686 227 3739; x_wconf 67' lang='lat' dir='ltr'>lach.</span> <span class='ocrx_word' id='word_1_219' title='bbox 245 3690 284 3741; x_wconf 85' lang='lat' dir='ltr'>tor</span> <span class='ocrx_word' id='word_1_220' title='bbox 299 3694 450 3755; x_wconf 63' lang='lat' dir='ltr'>minente</span> <span class='ocrx_word' id='word_1_221' title='bbox 477 3696 618 3756; x_wconf 59' lang='lat' dir='ltr'>maceror</span> <span class='ocrx_word' id='word_1_222' title='bbox 633 3695 741 3746; x_wconf 78' lang='lat' dir='ltr'>A-corr.</span> <span class='ocrx_word' id='word_1_223' title='bbox 760 3694 957 3745; x_wconf 77' lang='lat' dir='ltr'>Nicc.Flor.81</span> <span class='ocrx_word' id='word_1_224' title='bbox 978 3693 1069 3745; x_wconf 77' lang='lat' dir='ltr'>(lamb.</span> <span class='ocrx_word' id='word_1_225' title='bbox 1085 3694 1154 3759; x_wconf 73' lang='lat' dir='ltr'>vulg.</span> <span class='ocrx_word' id='word_1_226' title='bbox 1252 3697 1301 3750; x_wconf 77' lang='grc'>760</span> 
     </span>
     <span class='ocr_line' id='line_1_35' title="bbox 21 3760 1301 3841; baseline 0.006 -20"><span class='ocrx_word' id='word_1_227' title='bbox 21 3760 23 3841; x_wconf 84' lang='grc' dir='ltr'>Ι</span> <span class='ocrx_word' id='word_1_228' title='bbox 140 3768 281 3833; x_wconf 70' lang='lat' dir='ltr'>Proplace</span> <span class='ocrx_word' id='word_1_229' title='bbox 289 3771 360 3823; x_wconf 77' lang='lat' dir='ltr'>Nice.</span> <span class='ocrx_word' id='word_1_230' title='bbox 374 3788 439 3825; x_wconf 84' lang='lat' dir='ltr'>corr.</span> <span class='ocrx_word' id='word_1_231' title='bbox 450 3774 523 3825; x_wconf 64' lang='grc' dir='ltr'><strong>Ποῖ.</strong></span> <span class='ocrx_word' id='word_1_232' title='bbox 532 3776 565 3825; x_wconf 81' lang='lat' dir='ltr'>el</span> <span class='ocrx_word' id='word_1_233' title='bbox 576 3774 668 3826; x_wconf 73' lang='lat' dir='ltr'>(lamb.</span> <span class='ocrx_word' id='word_1_234' title='bbox 679 3775 746 3826; x_wconf 74' lang='lat' dir='ltr'>Mar.</span> <span class='ocrx_word' id='word_1_235' title='bbox 755 3776 831 3827; x_wconf 70' lang='lat' dir='ltr'>June.</span> <span class='ocrx_word' id='word_1_236' title='bbox 842 3776 934 3827; x_wconf 78' lang='lat' dir='ltr'>lamb.</span> <span class='ocrx_word' id='word_1_237' title='bbox 945 3775 985 3827; x_wconf 82' lang='lat' dir='ltr'>ed.</span> <span class='ocrx_word' id='word_1_238' title='bbox 997 3778 1011 3827; x_wconf 91' lang='lat'><em>1</em></span> <span class='ocrx_word' id='word_1_239' title='bbox 1022 3776 1064 3829; x_wconf 77' lang='lat' dir='ltr'>tor</span> <span class='ocrx_word' id='word_1_240' title='bbox 1073 3777 1207 3829; x_wconf 64' lang='lat' dir='ltr'>eumn</span> <span class='ocrx_word' id='word_1_241' title='bbox 1216 3776 1301 3829; x_wconf 73' lang='lat' dir='ltr'>which</span> 
     </span>
     <span class='ocr_line' id='line_1_36' title="bbox 22 3847 1302 3924; baseline 0.01 -26"><span class='ocrx_word' id='word_1_242' title='bbox 22 3856 23 3859; x_wconf 74' lang='grc'>’</span> <span class='ocrx_word' id='word_1_243' title='bbox 140 3847 296 3913; x_wconf 66' lang='lat' dir='ltr'>warenn</span> <span class='ocrx_word' id='word_1_244' title='bbox 315 3858 528 3921; x_wconf 61' lang='lat' dir='ltr'>mactem,</span> <span class='ocrx_word' id='word_1_245' title='bbox 546 3857 638 3909; x_wconf 74' lang='lat' dir='ltr'>hmb.</span> <span class='ocrx_word' id='word_1_246' title='bbox 656 3856 938 3909; x_wconf 73' lang='lat' dir='ltr'>ed.2andtretain.</span> <span class='ocrx_word' id='word_1_247' title='bbox 1036 3859 1302 3924; x_wconf 69' lang='lat' dir='ltr'>lbtexumploBrix.</span> 
     </span>
    </p>
   </div>
   <div class='ocr_carea' id='block_1_7' title="bbox 142 3927 1302 4007">
    <p class='ocr_par' dir='ltr' id='par_1_15' title="bbox 142 3927 1302 4007">
     <span class='ocr_line' id='line_1_37' title="bbox 142 3927 1302 4007; baseline 0.012 -25"><span class='ocrx_word' id='word_1_248' title='bbox 142 3927 414 4003; x_wconf 62' lang='lat' dir='ltr'>umnam-po.</span> <span class='ocrx_word' id='word_1_249' title='bbox 515 3940 564 3992; x_wconf 78' lang='lat' dir='ltr'>ror</span> <span class='ocrx_word' id='word_1_250' title='bbox 577 3943 674 4004; x_wconf 61' lang='lat' dir='ltr'>mar</span> <span class='ocrx_word' id='word_1_251' title='bbox 684 3939 945 4004; x_wconf 49' lang='lat' dir='ltr'>remearem.</span> <span class='ocrx_word' id='word_1_252' title='bbox 1042 3943 1091 3993; x_wconf 81' lang='lat' dir='ltr'>rra</span> <span class='ocrx_word' id='word_1_253' title='bbox 1107 3943 1302 4007; x_wconf 58' lang='lat' dir='ltr'>memma</span> 
     </span>
    </p>
   </div>
   <div class='ocr_carea' id='block_1_8' title="bbox 138 4011 1303 4168">
    <p class='ocr_par' dir='ltr' id='par_1_16' title="bbox 138 4011 1303 4168">
     <span class='ocr_line' id='line_1_38' title="bbox 144 4011 1303 4087; baseline 0.005 -20"><span class='ocrx_word' id='word_1_254' title='bbox 144 4011 374 4085; x_wconf 54' lang='lat' dir='ltr'>leormqse</span> <span class='ocrx_word' id='word_1_255' title='bbox 383 4024 496 4087; x_wconf 68' lang='lat' dir='ltr'>fimo.</span> <span class='ocrx_word' id='word_1_256' title='bbox 522 4037 623 4085; x_wconf 79' lang='lat' dir='ltr'>unoque</span> <span class='ocrx_word' id='word_1_257' title='bbox 631 4024 719 4086; x_wconf 70' lang='lat' dir='ltr'>fipurc</span> <span class='ocrx_word' id='word_1_258' title='bbox 730 4029 765 4073; x_wconf 76' lang='lat' dir='ltr'>est</span> <span class='ocrx_word' id='word_1_259' title='bbox 780 4022 849 4072; x_wconf 74' lang='lat' dir='ltr'>Flet.</span> <span class='ocrx_word' id='word_1_260' title='bbox 860 4024 892 4073; x_wconf 74' lang='lat'>81</span> <span class='ocrx_word' id='word_1_261' title='bbox 911 4021 1000 4073; x_wconf 80' lang='lat' dir='ltr'>camb.</span> <span class='ocrx_word' id='word_1_262' title='bbox 1011 4022 1077 4073; x_wconf 81' lang='lat' dir='ltr'>liar.</span> <span class='ocrx_word' id='word_1_263' title='bbox 1088 4022 1163 4073; x_wconf 71' lang='lat' dir='ltr'>June.</span> <span class='ocrx_word' id='word_1_264' title='bbox 1190 4038 1303 4086; x_wconf 70' lang='lat' dir='ltr'>unaque</span> 
     </span>
     <span class='ocr_line' id='line_1_39' title="bbox 138 4094 1239 4168; baseline 0.004 -18"><span class='ocrx_word' id='word_1_265' title='bbox 138 4094 242 4156; x_wconf 62' lang='lat' dir='ltr'>fleme</span> <span class='ocrx_word' id='word_1_266' title='bbox 259 4098 346 4151; x_wconf 68' lang='lat' dir='ltr'>Iamb.</span> <span class='ocrx_word' id='word_1_267' title='bbox 363 4102 431 4153; x_wconf 77' lang='lat' dir='ltr'>alter</span> <span class='ocrx_word' id='word_1_268' title='bbox 448 4102 572 4152; x_wconf 76' lang='lat' dir='ltr'>Muretus</span> <span class='ocrx_word' id='word_1_269' title='bbox 593 4106 697 4154; x_wconf 77' lang='lat' dir='ltr'>‘contra</span> <span class='ocrx_word' id='word_1_270' title='bbox 713 4103 927 4156; x_wconf 77' lang='lat' dir='ltr'>wnmetadinem</span> <span class='ocrx_word' id='word_1_271' title='bbox 943 4104 1066 4156; x_wconf 84' lang='lat' dir='ltr'>Lucretii’</span> <span class='ocrx_word' id='word_1_272' title='bbox 1084 4119 1143 4168; x_wconf 76' lang='lat' dir='ltr'>ruys</span> <span class='ocrx_word' id='word_1_273' title='bbox 1159 4103 1239 4154; x_wconf 67' lang='lat' dir='ltr'>Isch-</span> 
     </span>
    </p>
   </div>
   <div class='ocr_carea' id='block_1_9' title="bbox 147 4176 1306 4331">
    <p class='ocr_par' dir='ltr' id='par_1_17' title="bbox 147 4176 1306 4331">
     <span class='ocr_line' id='line_1_40' title="bbox 182 4176 1303 4249; baseline 0.003 -21"><span class='ocrx_word' id='word_1_274' title='bbox 182 4176 231 4225; x_wconf 80' lang='grc'>780</span> <span class='ocrx_word' id='word_1_275' title='bbox 244 4187 272 4228; x_wconf 79' lang='lat' dir='ltr'>st</span> <span class='ocrx_word' id='word_1_276' title='bbox 281 4182 308 4231; x_wconf 75' lang='lat' dir='ltr'>la</span> <span class='ocrx_word' id='word_1_277' title='bbox 316 4181 396 4234; x_wconf 77' lang='lat' dir='ltr'>laeli.</span> <span class='ocrx_word' id='word_1_278' title='bbox 406 4183 449 4234; x_wconf 74' lang='lat' dir='ltr'>tor</span> <span class='ocrx_word' id='word_1_279' title='bbox 458 4186 502 4234; x_wconf 76' lang='lat' dir='ltr'>uti</span> <span class='ocrx_word' id='word_1_280' title='bbox 513 4184 555 4233; x_wconf 80' lang='lat' dir='ltr'>iu:</span> <span class='ocrx_word' id='word_1_281' title='bbox 572 4197 616 4235; x_wconf 82' lang='lat' dir='ltr'>see</span> <span class='ocrx_word' id='word_1_282' title='bbox 627 4185 684 4235; x_wconf 73' lang='grc'><strong>322.</strong></span> <span class='ocrx_word' id='word_1_283' title='bbox 784 4185 833 4238; x_wconf 81' lang='grc'>781</span> <span class='ocrx_word' id='word_1_284' title='bbox 849 4188 877 4236; x_wconf 80' lang='lat' dir='ltr'>ia</span> <span class='ocrx_word' id='word_1_285' title='bbox 887 4202 993 4249; x_wconf 73' lang='lat' dir='ltr'>oeqrwre</span> <span class='ocrx_word' id='word_1_286' title='bbox 1003 4185 1064 4236; x_wconf 83' lang='lat' dir='ltr'>Ver.</span> <span class='ocrx_word' id='word_1_287' title='bbox 1074 4184 1140 4236; x_wconf 84' lang='lat' dir='ltr'>Ven.</span> <span class='ocrx_word' id='word_1_288' title='bbox 1151 4183 1265 4233; x_wconf 81' lang='lat' dir='ltr'>Politian</span> <span class='ocrx_word' id='word_1_289' title='bbox 1273 4182 1303 4247; x_wconf 76' lang='lat' dir='ltr'>(l)</span> 
     </span>
     <span class='ocr_line' id='line_1_41' title="bbox 147 4253 1306 4331; baseline 0.006 -24"><span class='ocrx_word' id='word_1_290' title='bbox 147 4253 214 4309; x_wconf 68' lang='lat' dir='ltr'>Her·</span> <span class='ocrx_word' id='word_1_291' title='bbox 229 4259 299 4314; x_wconf 80' lang='lat' dir='ltr'>Junr.</span> <span class='ocrx_word' id='word_1_292' title='bbox 317 4264 358 4315; x_wconf 83' lang='lat' dir='ltr'>lor</span> <span class='ocrx_word' id='word_1_293' title='bbox 374 4268 404 4317; x_wconf 73' lang='lat' dir='ltr'>in</span> <span class='ocrx_word' id='word_1_294' title='bbox 420 4280 547 4331; x_wconf 76' lang='lat' dir='ltr'>aequora.</span> <span class='ocrx_word' id='word_1_295' title='bbox 644 4267 693 4320; x_wconf 73' lang='grc'>788</span> <span class='ocrx_word' id='word_1_296' title='bbox 715 4268 809 4319; x_wconf 73' lang='lat' dir='ltr'>colora</span> <span class='ocrx_word' id='word_1_297' title='bbox 826 4267 897 4319; x_wconf 78' lang='lat' dir='ltr'>Nice.</span> <span class='ocrx_word' id='word_1_298' title='bbox 913 4268 1070 4320; x_wconf 72' lang='grc' dir='ltr'>ίοῐοαῑοτιε.</span> <span class='ocrx_word' id='word_1_299' title='bbox 1168 4267 1215 4319; x_wconf 80' lang='grc'>785</span> <span class='ocrx_word' id='word_1_300' title='bbox 1232 4271 1306 4314; x_wconf 71' lang='lat' dir='ltr'>extra</span> 
     </span>
    </p>
   </div>
   <div class='ocr_carea' id='block_1_10' title="bbox 0 0 1572 4984">
    <p class='ocr_par' dir='ltr' id='par_1_18' title="bbox 0 0 1572 4984">
     <span class='ocr_line' id='line_1_42' title="bbox 0 0 1572 4984; baseline 0 0"><span class='ocrx_word' id='word_1_301' title='bbox 0 0 1572 4984; x_wconf 95' lang='lat' dir='ltr'> </span> 
     </span>
    </p>
   </div>
  </div>
 </body>
</html>
