3092 4984
802 313 849 379 VI

335 500 444 544 rursus
466 477 501 543 in
523 476 675 563 antiquas
696 476 881 541 referuntur
901 472 1065 560 religionis

335 590 370 646 et
391 580 538 646 dominos
560 580 641 645 seris
662 578 854 654 adsciscunt,
877 577 987 642 omnia
1008 596 1101 661 posse

334 706 415 769 quos
437 683 546 748 miseri
570 682 715 759 credunt,
739 680 844 767 ignari
866 679 946 765 quid
970 685 1071 764 queat
1094 698 1172 754 esse,

335 786 414 871 quid
438 793 587 871 nequeat,
611 784 706 848 finita
726 791 870 869 potestus
892 781 1033 866 denique
1055 779 1172 864 cuique
1363 776 1408 856 65

336 913 479 976 quanam
500 890 544 954 sit
566 889 684 954 rationi
705 897 807 973 atque
830 885 896 951 alte
918 884 1077 950 terminus
1098 882 1248 960 haerens3

336 1018 401 1082 quo
423 995 526 1080 magis
550 1001 693 1059 errantes
717 1015 812 1057 eaeoa
832 990 957 1055 ratione
981 988 1137 1053 feruntur.

337 1121 421 1185 quae
444 1098 507 1163 nisi
528 1097 654 1183 respuis
676 1118 717 1161 ex
739 1094 849 1160 animo
870 1094 1030 1179 longeque
1054 1092 1196 1156 remittis

337 1200 386 1265 dis
408 1200 542 1285 indigns
562 1208 678 1285 putere
700 1198 873 1282 alienaque
896 1196 984 1283 pacis
1007 1218 1129 1273 eorum,

338 1304 484 1369 delibata
506 1303 605 1368 deum
628 1310 742 1388 perte
765 1300 826 1366 tibi
850 1300 987 1364 numina
1008 1308 1120 1364 sancta

336 1429 432 1492 saepe
455 1407 608 1485 oberunt;
630 1428 695 1470 non
717 1427 782 1490 quo
804 1402 919 1468 violari
940 1424 1069 1467 summa
1090 1401 1190 1466 deum
1211 1400 1259 1463 vis

338 1511 448 1597 possit,
468 1519 507 1575 ut
529 1532 570 1575 ex
593 1509 641 1573 irs
662 1530 783 1594 poenas
804 1516 916 1592 petere
938 1506 1066 1570 inbibat
1087 1503 1178 1580 ueris,

339 1614 395 1677 sed
418 1612 496 1698 quia
516 1621 590 1678 tute
611 1612 674 1678 tibi
696 1612 823 1698 placida
844 1633 920 1677 oum
940 1633 1019 1697 paee
1041 1610 1169 1696 quietos

339 1717 515 1782 constitues
537 1738 672 1801 magnos
694 1715 816 1780 irarum
838 1714 966 1780 volvere
987 1713 1113 1790 fluetus,

340 1843 399 1886 nse
420 1820 556 1886 delubra
576 1820 675 1885 deum
696 1819 823 1904 placido
845 1841 920 1883 cum
941 1825 1072 1902 pectore
1093 1815 1206 1892 adibis,

341 1943 401 2010 neo
422 1920 464 1985 de
488 1942 617 2006 corpore
641 1941 725 2005 quas
746 1927 858 1983 saneto
881 1917 1053 1982 simulacra
1074 1916 1224 1980 feruntur

341 2026 377 2090 in
399 2033 525 2090 mentes
547 2024 716 2089 hominum
738 2022 867 2088 divinae
889 2021 1007 2085 nuntia
1028 2018 1157 2095 formae,

342 2129 501 2213 suscipere
523 2128 603 2194 haee
624 2127 726 2193 animi
748 2124 926 2211 tranquilla
946 2145 1026 2210 paee
1048 2122 1178 2188 valebis.

344 2232 420 2297 inde
443 2232 552 2298 videre
575 2230 652 2297 lieet
674 2230 780 2316 qualis
802 2230 869 2298 ism
890 2229 960 2293 vita
980 2233 1143 2312 sequatur.

342 2357 442 2420 quam
464 2334 596 2420 quidem
618 2342 657 2398 ut
678 2356 698 2398 a
720 2334 814 2398 nobis
835 2332 918 2397 ratio
940 2330 1107 2397 verissima
1128 2331 1223 2415 longe

343 2438 463 2513 reiciat,
485 2459 684 2526 quamquam
706 2444 784 2501 sunt
806 2458 827 2501 a
848 2458 901 2501 me
924 2435 1029 2499 multa
1048 2433 1201 2520 profecte,

343 2540 447 2605 multa
469 2549 580 2605 temen
601 2548 726 2605 restant
747 2548 782 2605 et
804 2548 881 2604 sunt
903 2540 1047 2605 ornanda
1067 2538 1177 2624 politis

343 2643 487 2708 versibus
493 2668 502 2723 ;
524 2652 575 2708 est
596 2644 679 2708 ratio
700 2644 782 2708 eseli
803 2643 985 2730 speciesque
1006 2641 1156 2721 tenenda,

343 2753 420 2809 sunt
441 2754 652 2830 tempestates
674 2755 709 2811 et
730 2746 869 2810 firlmina
890 2746 975 2811 clara
996 2745 1148 2821 canenda,

342 2846 421 2932 quid
443 2847 563 2913 faciant
585 2857 619 2914 et
641 2850 768 2935 quade
791 2872 1047 2936 causarumque
1069 2849 1227 2929 ferantur3

344 2972 386 3015 ne
411 2950 551 3034 trepides
575 2952 655 3017 caeli
677 2952 788 3018 divisis
810 2954 957 3039 partibus
980 2975 1102 3032 sinens,

346 3052 432 3119 unde
454 3053 565 3120 volans
586 3055 671 3141 ignis
692 3058 877 3142 pervenerit
898 3057 1013 3121 autin
1035 3067 1145 3121 utram
1166 3077 1201 3120 se

346 3158 481 3223 verterit
502 3157 578 3223 hine
601 3160 729 3245 partim,
751 3182 817 3246 quo
839 3169 933 3246 paeto
956 3183 1016 3246 per
1037 3161 1108 3226 loea
1129 3168 1242 3246 saepta

346 3262 527 3341 insinuarit,
552 3272 586 3328 et
609 3263 683 3332 hine
705 3264 891 3329 dominatus
913 3274 951 3329 ut
974 3265 1129 3330 extulerit
1150 3286 1192 3329 se.

347 3378 386 3434 tu
408 3369 490 3433 mihi
513 3390 683 3454 supremae
706 3371 905 3455 praeseribta
926 3370 968 3435 ad
990 3369 1128 3435 candida
1149 3367 1243 3434 culeis
1373 3384 1417 3451 92

261 3557 290 3605 in
306 3557 352 3607 the
366 3557 467 3619 margin
483 3557 512 3606 in
528 3556 571 3607 his
587 3558 663 3608 nsuul
680 3557 792 3608 lsshion.
892 3557 924 3608 68
941 3559 1059 3619 looooqoe
1077 3555 1148 3606 Niso.
1166 3555 1206 3605 lor
1223 3557 1347 3619 looqtqus.
1379 3571 1418 3606 re·

261 3639 341 3686 mittis
359 3636 469 3686 Florsl
488 3637 577 3687 Osmb.
596 3638 667 3687 Brix.
685 3639 725 3689 lor
744 3641 846 3689 remitti.
978 3637 1010 3688 'll
1027 3638 1129 3686 oberrent
1146 3635 1221 3685 wm.
1243 3635 1284 3684 lor
1305 3638 1418 3686 οᾶιηιιιι.

261 3719 367 3766 ndenmt
378 3718 443 3767 Mer.
455 3718 534 3767 Aldl
545 3719 619 3769 sunt.
631 3720 723 3769 Lsmb.
735 3724 784 3771 eto.
884 3722 916 3771 ‘12
927 3735 959 3770 ex
969 3722 1011 3769 iro
1021 3718 1086 3768 Mur.
1098 3718 1177 3768 Alul
1188 3718 1262 3768 lunt.
1274 3718 1315 3767 lor
1325 3721 1401 3768 estre

296 3801 327 3850 78
344 3800 439 3860 quietos
454 3799 519 3849 Mar.
531 3799 605 3849 Junt.
617 3801 658 3850 lor
671 3805 779 3865 quiens.
877 3803 909 3854 74
920 3805 1016 3866 strictus
1033 3801 1142 3851 Elonfll
1159 3800 1225 3850 Mur.
1245 3798 1327 3849 Aldl
1344 3799 1419 3849 sunt.

263 3878 303 3927 lor
313 3879 399 3940 fietis.
498 3880 530 3930 76
541 3881 660 3943 seruntur
676 3881 747 3932 Brin
768 3882 849 3934 Aldl
867 3883 943 3935 Junt.
962 3885 1009 3932 not
1028 3881 1104 3931 Pont.
1122 3896 1151 3931 or
1168 3880 1234 3930 Mur.
1251 3880 1292 3928 lor
1302 3880 1419 3942 fua-nst

259 3959 348 4022 fenest
367 3957 426 4007 Ver.
446 3959 511 4009 Ven.
620 3963 652 4011 82
668 3970 727 4012 suot
744 3966 866 4014 moda.
910 3972 969 4014 sunt
989 3964 1114 4015 amando
1132 3961 1241 4011 Flonlll
1258 3959 1372 4009 Politinn
1390 3957 1422 4008 in

264 4054 344 4101 marg.
364 4038 482 4092 morus.
588 4043 621 4091 83
637 4051 673 4092 ιιι
691 4045 758 4093 ratio
777 4047 842 4094 osolt
862 4044 948 4110 (coelis
964 4044 1046 4110 mix.)
1065 4046 1206 4107 maciesque
1224 4042 1330 4091 utenda
1347 4040 1420 4090 Brit„

264 4123 360 4172 Avens.
375 4118 466 4169 Lsmb.
483 4119 523 4170 ed
542 4122 556 4169 l
573 4123 625 4172 und
641 4125 656 4171 2
673 4123 714 4172 lor
729 4130 765 4174 at
784 4127 852 4175 sotto
871 4128 995 4189 emitque
1012 4126 1131 4175 tenenda:
1151 4123 1196 4174 the
1213 4121 1296 4172 rofino
1310 4119 1422 4171 omitted

264 4207 344 4269 specie
355 4203 464 4254 besanes
475 4204 503 4253 ol
518 4204 564 4254 the
578 4205 708 4268 following
722 4214 814 4270 equote.
847 4215 883 4257 est
898 4210 967 4259 sotto
978 4209 1099 4272 solpesdi
1114 4209 1200 4269 visque
1216 4205 1321 4254 meandi
1337 4202 1420 4252 Lsoh.

264 4285 349 4336 whioh
360 4299 444 4335 seems
455 4287 483 4336 to
493 4300 536 4337 ma
546 4290 616 4339 most
626 4287 794 4351 improbable.
828 4295 865 4337 est
874 4291 942 4339 ratio
953 4291 1193 4353 »aemmorrousae
1204 4286 1273 4336 Flor.
1280 4285 1312 4335 sl
1329 4282 1420 4335 (lamb.

264 4367 539 4421 strumosus.
654 4371 751 4421 85-89
768 4368 849 4420 Lsob.
861 4370 1016 4421 enolosesin
1030 4375 1067 4433 [].
1182 4371 1214 4421 90
1231 4367 1329 4420 91=os
1344 4367 1421 4418 67=1
