3092 4984
718 290 749 353 V
1246 312 1310 376 2¹7

240 446 318 531 quid
342 446 462 511 vellent
485 444 588 509 facere
610 455 648 508 ut
670 445 790 509 scirent
811 444 984 528 animoque
1006 443 1161 509 viderer·⁴

241 572 346 635 quove
369 549 495 614 modost
516 571 671 634 umquam
694 548 743 612 vis
764 548 894 633 cognitu
915 547 1147 633 principiorum

241 651 385 737 quidque
407 652 494 716 inter
515 672 582 716 sese
603 660 790 738 permutato
813 649 925 715 ordine
945 660 1084 735 possent,
1251 656 1307 734 185

242 753 269 817 si
290 776 356 817 non
378 753 449 838 ipsa
469 753 560 817 dedit
581 753 744 838 specimen
766 762 885 818 natura
905 753 1057 818 creandi?

242 877 382 940 namque
404 855 452 920 ita
474 855 578 919 multa
598 855 703 920 modis
725 855 838 920 multis
859 855 1036 940 primordia
1056 880 1165 922 rerum

242 980 284 1022 ex
306 959 434 1023 infinito
456 960 522 1022 ium
544 969 689 1044 tempore
711 961 835 1046 percito
856 960 960 1045 plagis

242 1060 501 1145 ponderibusque
523 1062 589 1125 suis
612 1073 807 1127 oonsuenmt
828 1063 954 1128 concita
975 1063 1051 1127 ferri

244 1164 499 1248 omnimodisque
521 1165 603 1228 coire
625 1173 723 1249 etque
746 1166 856 1229 omniu
877 1175 1103 1251 pertemptare,
1251 1189 1311 1252 190

244 1287 466 1350 quaecumque
489 1267 575 1331 inter
597 1289 632 1332 se
656 1277 787 1352 possent
810 1290 978 1353 congressa
1000 1293 1115 1346 creare,

245 1381 283 1433 ut
307 1392 372 1434 non
396 1372 438 1435 sit
462 1371 580 1435 mirum
606 1372 633 1434 si
658 1373 692 1435 in
716 1372 791 1435 tulis
815 1372 1024 1456 dispositurus

244 1474 433 1540 deciderunt
455 1499 582 1561 quoque
605 1478 697 1542 etin
720 1477 796 1541 tulis
819 1500 935 1542 venere
959 1487 1094 1554 meatus,

245 1581 395 1664 qualibus
417 1579 496 1645 haec
518 1604 624 1645 rerum
647 1582 771 1666 geritur
793 1603 879 1645 nunc
901 1603 1027 1646 summu
1049 1582 1203 1648 novando,

289 1684 382 1763 Quod
404 1684 435 1749 si
455 1685 521 1748 iam
544 1709 653 1750 rerum
677 1686 822 1770 ignorem
846 1685 1020 1769 primordia
1043 1708 1125 1771 quae
1149 1687 1222 1762 sint,
1253 1702 1308 1769 195

246 1786 306 1848 hoc
329 1796 440 1850 tamen
463 1808 503 1850 ex
527 1787 604 1872 ipsis
628 1788 707 1852 caeli
732 1788 909 1851 rationibus
933 1788 1037 1851 ausim

246 1892 432 1955 confirmare
455 1892 591 1976 aliisque
615 1915 654 1956 ex
681 1892 777 1954 rebus
801 1891 934 1954 reddere
958 1891 1079 1967 multis,

248 2016 452 2079 nequaquam
475 1996 567 2058 nobis
589 1994 745 2059 diiinitus
768 2016 836 2057 esse
858 2003 1005 2078 paratum

248 2106 397 2162 naturam
420 2122 548 2178 rerum;
569 2109 662 2163 tenta
683 2109 748 2162 stat
770 2098 919 2183 praedita
940 2099 1041 2183 culpa

248 2202 403 2286 principio
425 2214 584 2287 quantum
607 2204 686 2267 caeli
710 2206 793 2288 tegit
814 2205 955 2288 impetus
979 2205 1098 2289 ingene,
1249 2223 1313 2270 200

249 2305 322 2370 inde
344 2307 449 2372 aridei
472 2319 597 2392 purtem
619 2319 746 2372 montes
769 2307 933 2392 silvaeque
955 2307 1095 2372 ferarum

249 2410 424 2494 possedere,
448 2423 562 2476 teuent
584 2435 679 2497 rupes
702 2423 876 2496 vastaeque
899 2411 1032 2497 paludes

249 2522 282 2577 et
304 2536 392 2579 mare
415 2515 500 2600 quod
522 2517 588 2579 late
611 2525 767 2579 terrarum
791 2515 924 2579 distinet
946 2537 1023 2579 oras.

249 2616 323 2680 inde
345 2618 424 2681 duas
446 2640 538 2702 porro
560 2640 658 2703 prope
680 2617 782 2703 partis
805 2617 945 2681 fervidus
967 2618 1060 2681 ordor

249 2720 466 2806 adsiduusque
487 2722 552 2807 geli
574 2744 665 2787 cesus
687 2722 876 2786 mortalibus
899 2722 1010 2787 aufert.

250 2824 335 2908 quod
357 2835 504 2910 superest
525 2827 602 2903 arvi,
626 2836 737 2891 tamen
759 2826 793 2890 id
816 2836 933 2890 natura
954 2849 1014 2890 sua
1035 2828 1068 2890 vi

250 2929 395 2993 sentibus
418 2929 565 3004 obducat,
588 2930 624 2993 ni
645 2931 693 2994 vis
716 2932 861 2994 bumana
881 2931 1010 2995 resistat

250 3030 330 3094 vitei
352 3053 448 3095 causa
469 3032 574 3096 valido
597 3044 750 3097 consueta
771 3033 897 3098 bidenti

251 3132 413 3217 ingemere
436 3144 469 3198 et
490 3145 611 3199 terram
633 3136 749 3220 pressis
770 3136 980 3220 proscindere.
995 3136 1115 3199 aratris.

252 3240 365 3304 sinon
388 3241 539 3306 fecundas
560 3253 724 3307 vertentes
746 3265 875 3307 vomere
897 3241 1007 3326 glebas

252 3343 412 3429 terraique
435 3344 537 3408 solum
560 3346 746 3430 subigentes
769 3346 873 3410 cimus
895 3344 936 3407 ad
959 3354 1056 3420 ortus,

253 3455 365 3529 sponte
388 3469 447 3510 sua
468 3457 632 3531 nequeant
654 3447 793 3533 liquidas
815 3448 952 3511 existere
975 3446 1009 3508 in
1031 3467 1131 3522 auras,

253 3559 418 3616 ettamen
440 3552 603 3615 interdum
625 3576 743 3637 magno
765 3552 914 3637 quaesita
935 3551 1044 3614 labore

166 3771 215 3821 Ed.
227 3771 267 3820 for
279 3773 402 3821 homiuum
414 3774 480 3821 diuis
490 3774 555 3822 uude
565 3781 609 3823 est.
644 3773 1116 3825 hominumuuonueatwmnueh.
1144 3775 1317 3825 estomMnr.

164 3855 224 3903 ΑΜ.
235 3855 249 3902 l
261 3854 334 3903 Junt.
347 3854 439 3903 Lumb.
451 3857 500 3904 eto.
528 3858 635 3903 dirvisum
646 3857 711 3903 deest
723 3855 793 3903 Nion.
807 3856 876 3903 Mon.
890 3856 947 3904 Ver.
959 3856 1025 3905 Ven.
1125 3856 1171 3904 195
1187 3871 1237 3905 rese
1248 3855 1318 3905 Brix.

166 3936 319 3985 Pontllar.
332 3936 415 3985 forse.
515 3938 563 3985 186
583 3935 1071 3999 macunenPiusinnolesforspeoiem.
1171 3938 1218 3988 187
1239 3940 1319 3986 multo

166 4020 246 4067 uronis
256 4017 346 4066 Inmb.
359 4016 398 4067 ed
412 4017 425 4066 1
438 4015 491 4066 und
501 4019 516 4066 2
527 4017 624 4080 rightly
635 4018 674 4065 for
684 4019 849 4076 multimodir;
866 4017 913 4065 but
924 4017 964 4066 od.
976 4019 992 4066 3
1003 4018 1078 4080 again
1093 4019 1257 4066 multimodis:
1276 4033 1319 4066 seo

166 4100 224 4147 422.
319 4098 365 4147 191
379 4106 477 4160 possent
489 4099 529 4147 lor
535 4101 632 4159 possint
645 4097 724 4146 Lneh.
737 4097 840 4159 rightly,
853 4112 882 4145 us
893 4098 950 4147 426.
1040 4099 1087 4149 193
1103 4103 1198 4145 meatur
1209 4097 1277 4144 Flor.
1287 4099 1318 4145 31

167 4179 232 4228 ilar.
245 4178 409 4227 formatico.
508 4178 555 4228 195
572 4176 688 4226 rindded
703 4178 907 4240 byMunAldl
925 4179 998 4227 Junt.
1097 4178 1145 4225 201
1162 4179 1248 4226 audet
1259 4194 1319 4241 por·

168 4269 215 4309 tem
237 4258 288 4306 Ed.
310 4258 350 4306 ior
371 4260 473 4308 uvidum
491 4266 595 4319 purten.
635 4260 708 4306 aride
730 4258 808 4306 Bern.
842 4261 953 4320 aliquem
976 4259 1056 4308 Luoh.
1099 4258 1219 4306 ‘MumlL
1242 4260 1320 4306 alium

167 4342 295 4407 pessimo·
316 4341 383 4391 Gis:
412 4343 486 4392 runt.
505 4354 535 4390 us
552 4340 634 4389 Aldl
652 4340 701 4389 hus
718 4342 833 4389 auidum:
860 4340 906 4389 but
923 4340 951 4388 in
967 4355 1046 4402 murg.
1061 4339 1092 4387 'ol
1111 4338 1182 4388 Mon.
1201 4340 1320 4387 “uvidum
