3092 4984
829 309 878 373 vl

360 479 619 553 nocturnumque
640 486 751 532 recens
772 465 957 531 extinaurn
977 464 1090 531 lumen
1111 465 1169 532 uhi
1189 466 1259 530 acri

361 575 473 640 nidore
495 571 632 638 offendit
653 593 756 649 utres,
777 570 923 656 consopit
944 569 1077 648 ibidem,

361 676 527 743 mucidare
549 685 584 739 et
605 696 737 759 spumas
758 673 817 759 qui
838 673 950 739 morbo
971 673 1103 739 mittere
1125 672 1238 739 suevit

361 791 569 864 oeaooeoque
589 779 681 864 gravi
702 779 822 843 mulier
842 778 948 864 sopita
967 779 1129 844 recumbit

362 898 396 950 et
418 885 569 949 mnibus
590 884 732 948 nitidum
753 883 876 949 teneris
897 906 977 969 opus
998 883 1103 949 effluit
1124 883 1164 962 ei,
1376 891 1435 960 795

362 999 508 1072 tempore
531 1008 570 1050 eo
594 986 622 1049 si
650 985 816 1050 odoratast
838 1009 903 1071 quo
926 997 1095 1053 menstrua
1116 987 1220 1052 solvit

362 1094 531 1177 multaque
551 1101 722 1177 praeterea
743 1091 936 1177 languentia
956 1092 1103 1157 membra
1123 1113 1182 1176 per
1202 1096 1296 1153 artus

364 1198 493 1260 solvunt
514 1205 614 1280 utque
636 1195 781 1259 animam
802 1195 1000 1260 labefactant
1020 1195 1150 1260 sedibus
1172 1194 1266 1260 intua

363 1299 503 1384 denique
525 1298 552 1361 si
574 1298 686 1362 calidis
708 1299 809 1362 etiam
829 1309 982 1364 cunctare
1003 1299 1141 1364 lavabris

363 1403 490 1488 plenior
511 1411 544 1465 et
566 1401 691 1478 laveris,
714 1402 794 1466 solio
814 1401 969 1467 ferventis
990 1402 1088 1488 aquai
1375 1398 1440 1461 800

364 1527 463 1590 quarn
484 1503 577 1567 facile
599 1504 634 1567 in
656 1503 764 1568 medio
786 1503 824 1567 fit
846 1504 897 1568 uti
918 1504 976 1569 des
996 1526 1093 1590 saepe
1114 1502 1242 1568 ruinas!

364 1608 603 1692 carbonumque
624 1608 732 1692 gravis
753 1606 803 1670 vis
824 1617 923 1692 atque
944 1607 1023 1672 odor
1043 1607 1227 1672 insinuatur

366 1731 465 1796 quam
487 1709 581 1774 facile
602 1710 638 1773 in
660 1710 837 1785 cerebrum,
860 1709 923 1774 nisi
945 1731 1064 1795 aquam
1085 1707 1305 1795 praecepimus
1328 1709 1429 1771 ante!

362 1821 397 1877 at
419 1835 495 1878 cum
517 1812 663 1877 membra
683 1813 799 1878 domus
820 1813 965 1899 percepit
985 1812 1137 1879 fervidior
1158 1814 1215 1893 vie,

363 1927 437 1984 tum
458 1917 497 1981 fit
518 1916 1018 2002 odorririplagaemactahilis
1041 1917 1150 1982 instar.
1370 1915 1433 1994 805

364 2043 471 2087 nonne
493 2020 583 2085 vides
605 2020 706 2084 etiarn
727 2031 816 2085 terra
836 2042 967 2106 quoque
988 2020 1101 2106 sulpur
1122 2021 1157 2085 in
1178 2021 1249 2106 ipsa

363 2125 490 2210 gignier
510 2131 545 2189 et
566 2131 672 2187 taetro
693 2144 894 2188 concrescere
916 2122 1012 2189 odore
1034 2124 1203 2205 bitumeu;

363 2227 505 2312 denique
525 2226 583 2291 ubi
604 2227 732 2312 argenti
753 2248 853 2292 venas
874 2226 1010 2313 aurique
1031 2237 1192 2306 secuntur,

364 2330 463 2396 terrai
484 2331 615 2416 penitus
637 2339 819 2395 scrutantes
840 2330 952 2395 abdita
972 2331 1065 2407 ferm,

364 2434 469 2520 qualis
491 2435 617 2520 expiret
639 2434 854 2520 Scaptensula
874 2435 986 2500 subter
1006 2434 1141 2500 odorest
1366 2433 1434 2497 810

364 2536 484 2623 quidve
505 2537 584 2601 mali
606 2536 645 2601 fit
665 2546 705 2601 ut
726 2537 882 2603 exhalent
903 2546 1019 2602 aurata
1039 2536 1189 2603 metalla!

363 2661 444 2725 quas
466 2639 637 2704 hominum
660 2639 803 2705 reddunt
825 2640 924 2705 facies
946 2641 1117 2726 qualisque
1139 2640 1276 2705 colores!

364 2763 471 2808 nonne
494 2743 584 2808 vides
607 2742 740 2808 audisve
761 2743 868 2829 perire
890 2743 926 2808 in
949 2751 1095 2828 tempore
1118 2764 1217 2829 parvo
1526 2709 1527 2802 l

364 2863 463 2928 quam
486 2844 611 2910 soleant
634 2853 793 2931 atquem
816 2846 898 2910 vitai
920 2846 1013 2932 copia
1036 2845 1130 2924 desit,
1525 2887 1526 2890 =

364 2968 444 3030 quoe
467 2967 564 3034 opere
587 2950 622 3015 in
643 2949 704 3014 tali
726 2949 858 3016 cohibet
879 2951 929 3015 vis
951 2972 1071 3037 magna
1094 2948 1254 3016 necessist
1366 2951 1425 3029 815
1525 3031 1526 3088 1

1525 3111 1526 3136 l

277 3148 335 3198 788.
432 3146 481 3200 781
497 3150 552 3198 ceri
568 3147 810 3200 lambuerunt
826 3150 867 3200 tor
880 3151 957 3200 certa
1055 3151 1104 3203 788
1121 3158 1146 3200 et
1163 3165 1261 3214 epam
1280 3149 1384 3224 Madvig
1400 3149 1429 3200 in

278 3227 441 3281 Henrichaen
452 3228 484 3280 tle
495 3229 585 3294 tregru.
596 3231 715 3293 Gottorp.
724 3245 750 3293 p.
759 3233 792 3283 87
803 3231 844 3281 ior
854 3238 878 3281 et
885 3245 986 3295 pacton
1002 3247 1102 3295 meror
1114 3231 1208 3282 hamb,
1219 3231 1300 3282 tcund
1310 3232 1340 3282 in
1350 3247 1429 3296 marg.

277 3311 305 3362 ol
315 3310 371 3362 cod.
383 3310 536 3361 Memmian.
569 3311 650 3362 Lech.
662 3315 723 3374 puts
734 3311 790 3361 this
800 3327 874 3363 verse
884 3313 952 3364 alter
962 3314 1010 3364 801
1017 3313 1074 3365 'and
1087 3314 1163 3365 reads
1173 3323 1198 3365 et
1211 3330 1321 3378 upum
1332 3324 1361 3365 ct
1374 3330 1429 3379 per·

277 3392 390 3456 versely:
407 3391 480 3441 older
489 3391 645 3442 corrections
656 3407 699 3440 are
710 3391 847 3456 unworthy
857 3393 886 3443 ol
894 3394 990 3444 notice.
1097 3397 1146 3448 798
1163 3398 1316 3461 lctcscctm
1326 3396 1429 3448 nortl

278 3473 369 3523 Camb.
381 3472 447 3522 Mar.
459 3473 518 3523 Ver.
529 3473 594 3522 Ven.
605 3473 646 3522 tor
656 3473 820 3536 labefaciunt.
918 3476 967 3526 788
983 3476 1193 3527 cuecwrehcch.
1205 3478 1245 3527 tor
1254 3487 1376 3529 euectae.

310 3557 360 3605 800
376 3563 399 3604 et
411 3558 512 3614 loceris,
523 3558 586 3605 cotie
596 3554 678 3606 Lech.
689 3556 730 3606 lcr
743 3558 850 3618 eslim
863 3558 936 3606 colio.
969 3563 993 3606 et
1006 3558 1104 3621 snserit
1120 3561 1183 3609 celto
1202 3558 1288 3609 Madv.
1307 3560 1370 3616 hh:
1387 3560 1430 3613 ua

278 3647 386 3698 passage
402 3636 426 3686 ic
442 3651 503 3699 very
514 3636 642 3686 dcuhttul.
739 3638 789 3686 808
805 3653 898 3701 equam
913 3636 984 3688 Flcr.
991 3638 1022 3689 81
1039 3639 1129 3690 (lamb.
1141 3640 1216 3690 Pcnt.
1230 3640 1295 3691 Mar.
1306 3641 1381 3692 Junt.
1393 3643 1431 3693 lor

279 3727 357 3776 aqua.
454 3717 502 3765 804
519 3718 624 3766 ηιιηιὸω
635 3719 720 3768 mu·
730 3718 790 3769 Vct.
801 3720 867 3772 3178
881 3720 953 3771 Brix.
965 3720 1029 3771 Pius
1039 3720 1068 3771 in
1082 3723 1431 3782 norcomannorum

278 3793 386 3841 cumbra
404 3795 514 3844 ἀοηιηω.
555 3797 735 3868 domin’ONicc.
777 3801 890 3849 domim
908 3800 968 3851 Ver.
988 3801 1053 3851 Ven.
1073 3802 1183 3866 Ncugar.
1227 3806 1306 3855 m
1322 3804 1392 3855 Flcr.
1400 3806 1430 3855 81

279 3872 369 3923 Ocmb.
380 3875 430 3923 two
441 3873 501 3924 Vct.
533 3877 641 3925 membre
659 3878 761 3927 demam
780 3879 845 3930 Mar.
862 3880 937 3931 sunt.
951 3882 988 3933 Is.
999 3882 1075 3933 Voss.
1090 3884 1119 3934 in
1135 3887 1280 3946 nemetes,
1291 3885 1377 3937 Madv.
1388 3885 1429 3937 11.

280 3949 376 4014 rightly
386 3950 505 4013 perhaps.
537 3954 645 4002 membra
662 3956 768 4006 hominu
779 3957 871 4009 hamb.
899 3961 1027 4021 fervidior
1042 3965 1081 4012 cir
1095 3961 1175 4013 Lech.
1186 3963 1227 4013 lor
1236 3966 1341 4027 feruido
1355 3967 1431 4016 mois

280 4031 383 4081 ANico.
411 4032 513 4093 [mdo
520 4032 600 4095 servir
610 4033 648 4082 B:
665 4032 711 4083 the
721 4035 828 4100 reading
837 4038 862 4088 ia
876 4044 946 4090 most
957 4042 1100 4093 uncertain.
1127 4044 1233 4107 sercidc
1244 4045 1324 4108 febris
1337 4045 1428 4097 Lamh.

279 4112 316 4163 le.
328 4111 402 4162 Voss.
414 4110 442 4160 iu
454 4125 502 4161 mc.
514 4114 598 4171 notes,
610 4113 694 4164 Madv.
706 4117 819 4180 perhaps
828 4120 933 4184 rightly.
965 4139 998 4173 m.
1010 4126 1095 4174 mcc
1107 4141 1136 4188 p.
1147 4127 1260 4190 semida,
1271 4129 1355 4177 servu
1369 4129 1430 4179 lim

279 4193 368 4244 weh:
385 4191 496 4256 perhaps
507 4207 538 4242 m.
550 4193 635 4245 άοωω
643 4210 670 4258 p.
676 4196 799 4257 fervide,
810 4204 893 4251 aereis
905 4203 969 4252 Tum
982 4203 1006 4253 is
1017 4204 1095 4266 right.
1200 4207 1249 4257 805
1265 4207 1318 4258 ciri
1329 4206 1392 4258 Pius
1400 4208 1429 4257 in

279 4279 362 4336 nom.
374 4273 455 4326 Lech.
467 4274 507 4325 lor
522 4277 586 4326 cici.
699 4279 749 4328 800
765 4282 822 4344 ipsc
837 4282 946 4333 1110881
963 4285 1053 4337 (lamb.
1065 4286 1142 4337 Pont.
1159 4286 1200 4337 ior
1214 4290 1277 4352 ipsc.
1382 4290 1428 4340 808

280 4361 377 4426 atomi
388 4357 457 4411 Ποῖ.
465 4360 496 4411 81
510 4356 598 4410 camb.
610 4358 681 4410 Men.
693 4359 769 4413 Pont.
782 4362 823 4414 lor
832 4371 943 4425 crcmtc.
1041 4369 1090 4419 818
1106 4370 1211 4421 caduce
1221 4369 1291 4422 Flcr.
1299 4371 1331 4422 al
1342 4369 1427 4422 (lamb.
