3092 4984
253 304 312 384 178
803 296 850 359 [ν

337 464 509 543 propterea
530 453 615 541 quia,
638 453 679 520 de
701 451 824 538 speculi
846 472 911 536 qua
932 459 1025 534 parte
1046 450 1183 529 recedas,
1341 465 1406 529 320

252 573 311 640 345
337 560 490 624 continuo
511 564 680 642 nequeunt
702 554 793 619 illinc
814 552 985 618 simulacra
1006 553 1145 632 reverti;

336 663 446 728 omnia
467 661 730 749 quandoquidem
752 658 839 744 cogit
859 666 978 722 natura
999 657 1110 722 referri

336 786 373 829 ac
394 765 517 829 resilire
539 765 581 829 ab
602 764 699 828 rebus
720 761 763 827 sd
785 783 905 846 aequos
926 760 1054 824 reddita
1076 759 1186 825 flexus.

132 880 136 888 “
251 884 315 951 299
380 868 559 955 Splendida
580 891 673 954 porro
696 867 781 932 oculi
803 865 947 951 fugitant
968 866 1139 950 vitantque
1161 864 1256 931 tueri.

336 974 383 1038 sol
405 975 506 1040 etiarn
527 982 645 1050 caecat,
668 981 781 1038 contra
801 971 828 1036 si
846 969 979 1035 tendere
1002 991 1125 1055 pergas,
1341 981 1401 1050 325

336 1087 507 1165 propterea
527 1079 605 1164 quia
625 1079 674 1143 vis
696 1083 845 1162 magnast
866 1075 967 1160 ipsius
990 1081 1024 1139 et
1045 1074 1111 1139 ulte

336 1204 412 1249 aere
431 1206 491 1269 per
511 1205 630 1269 purum
651 1183 795 1268 graviter
816 1179 988 1244 simulacra
1010 1179 1158 1243 feruntur

337 1295 372 1352 et
392 1286 513 1352 feriunt
535 1287 643 1352 oculos
664 1284 832 1351 turbantia
854 1283 1090 1369 compositurus

335 1400 503 1477 praeterea
524 1391 675 1477 splendor
696 1389 893 1476 quicumque
916 1396 966 1452 est
988 1408 1061 1451 acer
1078 1384 1187 1449 adurit

252 1509 312 1578 305
337 1517 433 1579 saepe
454 1496 561 1560 oculos
582 1495 655 1560 ideo
677 1493 763 1579 quod
786 1492 911 1558 semina
931 1490 1074 1577 possidet
1095 1490 1180 1575 ignis
1339 1504 1404 1569 330
1465 1492 1469 1503 '

336 1598 450 1677 multu,
472 1598 615 1663 dolorem
637 1598 736 1662 oculis
758 1618 842 1683 quae
863 1597 1002 1681 gignunt
1024 1594 1226 1659 insinuando

338 1701 445 1766 lurida
466 1710 633 1787 praeterea
655 1701 739 1765 fiunt
762 1721 986 1785 quaecumque
1007 1706 1143 1763 tuentur
1253 1775 1257 1785 Ι

337 1804 474 1890 arquati,
497 1804 575 1890 quia
595 1804 711 1868 luroris
733 1801 774 1868 de
796 1824 926 1888 corpore
948 1823 1060 1867 eorum

338 1909 463 1972 semina
483 1907 589 1972 multa
609 1907 718 1971 fluunt
739 1906 919 1971 simulacris
947 1905 1042 1970 obvia
1064 1927 1181 1982 rerum,
1290 1904 1291 1907 ’

253 2027 318 2094 310
338 2011 508 2099 multaque
530 2021 608 2078 sunt
629 2013 729 2078 oculis
751 2013 787 2076 in
809 2034 921 2077 eorum
945 2011 1086 2097 denique
1107 2010 1220 2086 mixta,

339 2138 423 2202 quae
444 2124 581 2203 contage
604 2140 664 2183 sua
687 2117 864 2204 palloribus
886 2117 997 2183 omnia
1018 2116 1167 2202 pingunt.

339 2241 357 2286 e
379 2222 522 2286 tenebris
543 2229 654 2285 autem
676 2244 760 2306 quae
783 2221 916 2286 suntin
938 2222 1009 2285 luce
1031 2228 1163 2285 tuemur

338 2333 508 2408 propterea
530 2322 614 2407 quia,
638 2344 712 2387 cum
733 2324 864 2407 propior
884 2323 1030 2408 caliginis
1052 2344 1108 2386 aer

338 2429 410 2487 ater
431 2423 494 2487 init
515 2422 623 2486 oculos
645 2423 731 2507 prior
753 2431 788 2487 et
809 2423 954 2509 possedit
976 2434 1113 2508 apertos,

254 2538 315 2605 315
340 2523 521 2608 insequitur
542 2523 682 2588 candens
704 2524 875 2588 confestim
897 2523 1023 2589 lucidus
1045 2546 1101 2588 aer
1221 2606 1225 2613 ι
1343 2539 1408 2604 340

337 2629 395 2715 qui
416 2629 509 2715 quasi
530 2639 649 2716 purgat
671 2653 724 2696 eos
745 2654 783 2697 ac
804 2631 912 2716 nigras
934 2631 1067 2696 discutit
1089 2631 1220 2696 umbras

341 2733 423 2797 aeris
445 2732 550 2815 illius3
574 2756 651 2799 nam
673 2734 787 2799 multis
808 2734 956 2819 partibus
977 2734 1031 2798 hic
1052 2740 1103 2798 est

337 2835 487 2901 mobilior
510 2838 687 2925 multisque
708 2839 865 2904 minutior
887 2848 921 2905 et
943 2861 1037 2925 mage
1059 2838 1192 2924 pollens.

339 2939 395 3023 qui
417 2939 514 3004 simul
536 2949 636 3026 atque
657 2942 726 3007 vias
749 2942 914 3007 oculorum
936 2942 1007 3007 luce
1028 2940 1167 3027 replerit

253 3056 317 3121 320
339 3049 437 3126 atque
460 3043 615 3127 patefecit
637 3066 716 3129 quas
739 3054 816 3110 ante
839 3044 1007 3110 obsederat
1029 3066 1085 3108 aer
1343 3057 1402 3124 345

338 3153 416 3222 ater,
439 3146 592 3211 continuo
614 3168 721 3212 rerum
743 3146 913 3211 simulacra
935 3156 1088 3211 secuntur

338 3269 422 3333 quae
444 3249 508 3313 sita
529 3257 605 3314 sunt
627 3250 661 3313 in
684 3250 764 3329 luce,
787 3250 1012 3333 lacessuntque
1034 3255 1073 3312 ut
1094 3247 1270 3311 videamus.

253 3352 316 3431 348
339 3349 425 3436 quod
447 3352 683 3418 contrafacere
704 3352 740 3416 in
761 3353 905 3418 tenebris
928 3374 946 3417 e
968 3353 1040 3417 luce
1060 3351 1232 3435 nequimus

338 3461 510 3539 propterea
531 3455 609 3540 quia
629 3456 787 3540 posterior
809 3455 954 3541 caliginis
976 3478 1032 3520 aer

336 3557 469 3620 crassior
490 3557 672 3643 insequitur
693 3561 751 3644 qui
773 3568 891 3625 cuncta
912 3560 1071 3624 foramina
1092 3557 1233 3642 complet
1342 3567 1407 3636 350

339 3659 521 3744 obsiditque
543 3661 612 3726 vias
635 3663 809 3740 oculorum,
833 3686 873 3728 ne
896 3663 1069 3728 simulacra

335 3763 460 3846 possint
481 3764 622 3830 ullarum
643 3788 752 3831 rerum
776 3769 921 3833 coniecta
942 3790 1079 3834 movere.

244 4006 344 4068 pariter
356 4019 432 4067 porro
443 4005 466 4055 B
478 4006 549 4056 1100.
647 4008 695 4058 821
713 4016 847 4072 mqsseunt.
880 4018 1006 4075 nequeant
1022 4010 1127 4061 ANicc.
1138 4008 1259 4073 mongly.
1357 4010 1406 4058 842

246 4088 318 4137 illius
329 4086 399 4136 Flor.
409 4090 440 4137 81
459 4089 548 4139 Osmb.
560 4088 619 4140 Ver.
631 4089 694 4140 Ven.
708 4090 773 4140 Mer.
787 4092 827 4141 for
838 4094 924 4143 auius.
954 4150 958 4157 ,
1023 4096 1071 4145 est
1083 4095 1132 4144 346
1149 4108 1194 4143 cer
1203 4096 1266 4142 Ater
1276 4090 1355 4140 Bern.
1367 4091 1408 4140 tor

246 4171 315 4218 Ater.
349 4176 413 4228 oter,
432 4170 500 4219 Aera
517 4169 598 4220 Iraoh.
631 4178 687 4221 ater
705 4173 832 4221 Continuo
851 4188 901 4222 m.
922 4175 1047 4237 adaperta
1062 4190 1084 4224 ο.
1100 4174 1170 4224 Flor.
1180 4176 1211 4223 81
1229 4172 1320 4222 (lamb.
1336 4171 1406 4235 vulg.

246 4250 354 4302 without
370 4253 500 4317 meaning.
598 4255 646 4306 uel
663 4270 710 4318 quc
726 4257 783 4305 vics
800 4255 897 4305 Boorr.
909 4256 1018 4306 Flor.81
1037 4257 1127 4308 Csmb.
1140 4256 1205 4307 Mur.
1217 4257 1258 4306 for
1268 4257 1340 4317 quic.
1371 4293 1375 4301 .

277 4335 326 4384 352
342 4336 454 4386 cccmus
465 4333 617 4386 Metulum
629 4335 751 4387 suntror
761 4344 883 4387 coaucta.
910 4352 1005 4388 movere
1017 4337 1103 4389 Bentl.
1112 4337 1209 4400 rightly
1220 4336 1261 4386 lor
1271 4336 1373 4385 moueri.
