3092 4984
799 303 847 370 IV

329 484 405 527 aera
425 482 483 546 per
504 460 647 524 multum
669 458 824 525 confundi
846 460 946 525 rerba
967 469 1128 528 necessest

331 574 365 632 et
388 565 572 631 conturbari
595 586 715 642 vocem,
737 565 818 628 dum
840 566 1019 631 transvolat
1041 588 1146 631 auras.

330 691 405 755 ergo
426 668 473 744 fit,
497 668 640 733 sonitum
662 675 701 733 ut
722 669 824 754 possis
846 669 967 735 sentire
989 692 1095 757 neque
1117 670 1209 736 illam

329 773 554 847 internoscere,
577 772 749 836 verborum
772 772 936 837 sententia
958 794 1041 858 quae
1063 774 1126 839 sit:

331 896 433 959 usque
455 874 536 938 adeo
558 872 692 937 confusa
714 874 805 938 venit
826 896 889 938 vox
912 874 1011 958 inque
1034 875 1157 969 peditep
1216 924 1223 943 .

330 985 497 1062 praeterea
518 976 655 1039 verbum
680 997 777 1061 saepe
802 998 905 1040 unum
929 976 1053 1062 perciet
1076 976 1163 1041 auris

330 1079 480 1146 omnihus
503 1080 539 1143 in
563 1079 691 1164 populo,
715 1078 851 1144 missum
874 1081 1040 1165 praeconis
1063 1081 1106 1145 ab
1129 1101 1191 1146 ore.

329 1184 364 1248 in
388 1182 509 1247 multas
533 1181 633 1268 igitur
659 1204 750 1246 voces
774 1204 838 1246 vox
861 1205 929 1246 una
951 1190 1087 1267 repente

330 1285 470 1370 diffugit,
495 1286 531 1349 in
554 1284 661 1370 privas
684 1284 841 1371 quoniam
865 1307 899 1350 se
924 1284 1042 1350 dividit
1065 1285 1153 1350 auris

266 1417 283 1424 ⁶
331 1389 502 1473 obsignans
526 1388 663 1452 formam
687 1388 779 1453 verbi
802 1388 991 1473 clarumque
1015 1410 1172 1453 sonorem.

330 1500 365 1557 at
389 1514 473 1577 quae
496 1513 571 1578 pars
594 1514 710 1557 vocum
734 1513 801 1556 non
827 1491 914 1556 auris
937 1490 1053 1556 incidit
1076 1491 1174 1576 ipsas,

330 1598 527 1684 praeterlata
549 1597 635 1687 perit
658 1597 778 1661 frustra
801 1595 920 1661 diffusa
943 1618 1002 1681 per
1025 1618 1128 1662 auras.

263 1739 265 1742 v
331 1724 405 1788 pars
429 1700 539 1765 solidis
565 1700 668 1764 adlisa
690 1699 768 1765 locis
792 1699 912 1764 reiecta
937 1720 1086 1764 sonorem

331 1804 438 1870 reddit
462 1811 497 1868 et
521 1803 686 1868 interdum
710 1802 885 1867 hrrstratur
908 1802 1052 1887 imagine
1078 1801 1177 1867 verbi

331 1928 414 1992 quae
437 1906 522 1969 bene
545 1926 620 1969 cum
643 1902 762 1978 videas,
788 1903 948 1968 rationem
971 1901 1107 1967 reddere
1130 1899 1233 1987 possis

332 2016 405 2072 tute
428 2007 491 2072 tibi
513 2014 614 2091 atque
638 2005 719 2083 eliis,
746 2026 812 2090 quo
835 2013 929 2090 pacto
953 2027 1011 2091 per
1034 2005 1104 2070 loca
1127 2004 1195 2070 sola

331 2132 409 2174 saxa
431 2109 518 2193 paris
541 2108 660 2172 formas
683 2107 856 2171 verborum
882 2128 922 2171 ex
947 2106 1059 2172 ordine
1082 2106 1230 2186 reddant,

330 2212 471 2297 palantis
494 2210 627 2274 comites
651 2231 750 2294 quom
774 2210 895 2273 montis
919 2210 1006 2274 inter
1030 2231 1146 2295 opacos

331 2312 517 2397 quaerimus
542 2317 576 2375 ct
600 2331 719 2393 magna
742 2309 902 2394 dispersos
924 2332 1002 2374 voce
1026 2312 1159 2376 ciemus.

331 2437 388 2479 sex
412 2414 512 2478 etiam
536 2419 594 2475 aut
619 2421 745 2495 septem
768 2413 839 2476 loca
861 2411 930 2476 vidi
954 2412 1089 2477 reddere
1114 2412 1208 2492 vocis,

330 2538 430 2582 unam
455 2536 529 2579 cum
556 2513 694 2578 iaceres:
718 2515 767 2578 ita
789 2515 887 2580 colles
911 2515 1046 2580 collibus
1070 2515 1133 2600 ipsi

331 2619 430 2682 verba
453 2616 655 2701 repulsantes
679 2616 844 2681 iterabant
870 2617 966 2684 docta
988 2618 1109 2683 referri,

220 2765 225 2770 -
330 2722 410 2785 haec
434 2720 503 2783 loca
527 2719 713 2804 capripedes
736 2729 859 2806 satyros
883 2722 1109 2807 nymphasque
1130 2730 1243 2789 tenere

329 2823 463 2889 finitimi
487 2823 617 2908 fingunt
640 2832 674 2888 et
698 2824 813 2890 faunos
837 2847 906 2891 esse
931 2827 1083 2891 locuntur

331 2949 470 3012 quorum
493 2925 663 3011 noctivago
688 2928 828 3012 strepitu
852 2929 994 3014 ludoque
1017 2929 1138 2995 iocanti

330 3033 504 3098 adfirmant
527 3032 621 3118 volgo
644 3034 809 3098 taciturna
830 3035 961 3101 silentia
983 3036 1092 3122 rumpi
1114 3059 1118 3066 ’

330 3136 586 3221 chordarumque
610 3158 703 3202 sonos
727 3137 799 3202 fieri
823 3137 990 3224 dulcisque
1017 3138 1186 3225 querellas,

329 3238 412 3304 tibia
434 3261 515 3325 quas
538 3236 647 3304 fundit
670 3238 782 3324 digitis
804 3240 933 3326 pulsata
959 3250 1144 3321 canentum,
1341 3247 1401 3327 585

243 3446 329 3516 Bentl.
347 3447 387 3496 lor
401 3449 458 3497 illc.
558 3448 607 3499 560
624 3450 704 3498 illam.
738 3451 788 3498 illa
798 3449 874 3500 Pont.
886 3451 966 3501 Aldl
986 3451 1061 3502 sunt.
1095 3453 1175 3503 hilum
1190 3451 1283 3503 Lumb.
1294 3450 1405 3502 without

242 3541 328 3576 cause.
426 3529 474 3577 553
491 3530 599 3579 verbum.
630 3532 745 3593 peditum
755 3532 827 3581 Nico.
840 3532 1405 3596 endalllstermss.andesrlycds.:hsnce

242 3610 350 3656 edictum
361 3607 426 3656 Mar.
438 3608 496 3657 Ald.
507 3610 521 3657 1
538 3611 612 3659 Junt.
624 3613 708 3673 vulg:
722 3616 838 3674 peditum
852 3629 925 3664 came
941 3615 1008 3664 lrom
1024 3615 1069 3666 the
1082 3617 1172 3679 pedica
1183 3616 1211 3665 ol
1226 3616 1274 3665 567
1285 3614 1406 3679 ostching

242 3686 287 3735 the
298 3686 420 3748 copyist's
431 3701 485 3749 syc.
584 3691 632 3741 567
649 3693 719 3740 verbi
730 3692 811 3742 Lech.
823 3694 864 3743 lor
873 3698 968 3745 verbis:
986 3711 1002 3746 a
1013 3712 1149 3760 necessary
1159 3696 1266 3759 change.
1355 3698 1405 3748 568

241 3768 313 3814 nam
324 3768 424 3815 incidit.
460 3771 560 3818 ‘aureis
572 3772 675 3819 accidit.
709 3772 746 3821 sie
757 3774 869 3835 reposui,
882 3789 898 3825 a
913 3776 1006 3827 Plauto
1016 3781 1043 3828 et
1060 3778 1153 3828 ceteris
1169 3778 1260 3828 Latini
1277 3777 1405 3829 sermonis

241 3843 388 3894 auctoribus
399 3845 560 3896 sdmonitus'
577 3848 683 3906 Lamb.;
700 3850 752 3899 and
768 3852 849 3902 Lech.
862 3854 953 3905 thinks
969 3855 1003 3906 hc
1019 3857 1043 3906 ts
1060 3858 1185 3921 probably
1195 3856 1274 3919 right,
1285 3871 1314 3906 as
1325 3856 1405 3910 uuor.

236 3922 349 3973 himsell
363 3937 379 3972 r
390 3925 438 3974 608
448 3939 509 3974 uses
520 3926 566 3977 the
577 3941 648 3977 sama
659 3930 845 3981 construction.
943 3937 992 3988 570
1009 3939 1071 3987 locis
1082 3937 1105 3987 B
1122 3952 1186 3987 corr.
1202 3937 1268 3987 Mur.
1276 3938 1321 3988 tor
1331 3941 1404 4003 Iopis.

242 4006 309 4066 lupia
327 4003 398 4053 Nico.
431 4005 512 4056 Lech.
532 4022 561 4059 ss
578 4009 592 4057 1
610 4022 668 4058 now
686 4009 765 4060 think
783 4012 893 4063 without
910 4017 1038 4067 mfficient
1056 4034 1149 4069 reason
1167 4024 1299 4083 separatas
1315 4024 1405 4073 solidis

242 4087 326 4134 eritho
337 4085 403 4135 from
415 4089 486 4137 locis.
584 4091 632 4142 577
648 4094 730 4141 cocu:
747 4108 828 4143 seen.
841 4097 868 4143 to
881 4111 891 4143 1
902 4097 951 4148 744
962 4099 1057 4161 snagin.
1090 4118 1162 4153 uoces
1173 4103 1254 4153 Lach.
1268 4103 1337 4166 vulg.

274 4167 323 4216 578
339 4166 397 4229 ipsi.
430 4168 492 4229 ipris
510 4182 560 4219 one
578 4169 636 4220 Vat.
656 4171 727 4220 Mon.
746 4171 807 4222 Ver.
825 4173 905 4223 Van:
929 4175 1011 4229 hence
1029 4179 1112 4230 alul
1129 4182 1204 4231 Junt.
1226 4182 1295 4244 vulg.
1317 4182 1404 4235 belors

242 4247 316 4297 Wslr.
415 4249 462 4301 579
479 4251 553 4300 docta
569 4252 660 4314 referri
677 4253 810 4302 Lach.lor
825 4256 897 4305 dictu
913 4260 1012 4321 resen-t.
1045 4264 1117 4312 dicta
1133 4265 1226 4328 resme
1245 4264 1311 4314 Mar·
1328 4265 1404 4316 sunt.

242 4329 311 4391 vulg.
344 4329 398 4378 icta
414 4329 507 4391 reses-re
524 4331 611 4384 Bentl.
644 4334 698 4382 icto
716 4331 740 4381 is
757 4333 814 4384 also
834 4334 863 4384 ln
883 4336 954 4388 Mon.
1053 4343 1103 4392 587
1124 4345 1221 4394 mecon
1239 4344 1262 4393 Δ
1279 4357 1343 4395 corr.
1365 4345 1405 4396 lor

218 4795 492 4903 <-
