<?xml version="1.0" encoding="UTF-8"?>
<!DOCTYPE html PUBLIC "-//W3C//DTD XHTML 1.0 Transitional//EN"
    "http://www.w3.org/TR/xhtml1/DTD/xhtml1-transitional.dtd">
<html xmlns="http://www.w3.org/1999/xhtml" xml:lang="en" lang="en">
 <head>
  <title>
</title>
<meta http-equiv="Content-Type" content="text/html;charset=utf-8" />
  <meta name='ocr-system' content='tesseract 3.04.00' />
  <meta name='ocr-capabilities' content='ocr_page ocr_carea ocr_par ocr_line ocrx_word'/>
</head>
<body>
  <div class='ocr_page' id='page_1' title='image "./dererumnaturali01munrgoog_0254.png"; bbox 0 0 3092 4984; ppageno 0'>
   <div class='ocr_carea' id='block_1_1' title="bbox 195 452 1311 3424">
    <p class='ocr_par' dir='ltr' id='par_1_1' title="bbox 195 452 1311 3424">
     <span class='ocr_line' id='line_1_1' title="bbox 229 452 1053 541; baseline 0.002 -24"><span class='ocrx_word' id='word_1_1' title='bbox 229 453 388 539; x_wconf 73' lang='lat' dir='ltr'>anticipat</span> <span class='ocrx_word' id='word_1_2' title='bbox 410 452 537 518; x_wconf 78' lang='lat' dir='ltr'>caelum</span> <span class='ocrx_word' id='word_1_3' title='bbox 559 452 658 517; x_wconf 88' lang='lat' dir='ltr'>radiis</span> <span class='ocrx_word' id='word_1_4' title='bbox 679 453 855 519; x_wconf 86' lang='lat' dir='ltr'>accendere</span> <span class='ocrx_word' id='word_1_5' title='bbox 876 461 1053 541; x_wconf 82' lang='lat' dir='ltr'>temptans,</span> 
     </span>
     <span class='ocr_line' id='line_1_2' title="bbox 204 545 1058 638; baseline 0.002 -21"><span class='ocrx_word' id='word_1_6' title='bbox 204 545 289 617; x_wconf 76' lang='lat' dir='ltr'>&#39;aut</span> <span class='ocrx_word' id='word_1_7' title='bbox 312 552 391 638; x_wconf 90' lang='lat' dir='ltr'>quia</span> <span class='ocrx_word' id='word_1_8' title='bbox 411 551 612 620; x_wconf 82' lang='lat' dir='ltr'>conveniunt</span> <span class='ocrx_word' id='word_1_9' title='bbox 632 551 726 637; x_wconf 88' lang='lat' dir='ltr'>ignes</span> <span class='ocrx_word' id='word_1_10' title='bbox 747 560 783 617; x_wconf 92' lang='lat' dir='ltr'>et</span> <span class='ocrx_word' id='word_1_11' title='bbox 804 552 930 617; x_wconf 89' lang='lat' dir='ltr'>semina</span> <span class='ocrx_word' id='word_1_12' title='bbox 951 555 1058 619; x_wconf 78' lang='lat' dir='ltr'>multa</span> 
     </span>
     <span class='ocr_line' id='line_1_3' title="bbox 195 653 1046 742; baseline 0.005 -22"><span class='ocrx_word' id='word_1_13' title='bbox 195 729 201 734; x_wconf 47' lang='grc'><strong>,</strong></span> <span class='ocrx_word' id='word_1_14' title='bbox 231 655 394 720; x_wconf 89' lang='lat' dir='ltr'>confluere</span> <span class='ocrx_word' id='word_1_15' title='bbox 416 653 540 720; x_wconf 85' lang='lat' dir='ltr'>ardoris</span> <span class='ocrx_word' id='word_1_16' title='bbox 561 666 759 721; x_wconf 89' lang='lat' dir='ltr'>consuerunt</span> <span class='ocrx_word' id='word_1_17' title='bbox 780 665 928 742; x_wconf 82' lang='lat' dir='ltr'>tempore</span> <span class='ocrx_word' id='word_1_18' title='bbox 949 668 1046 738; x_wconf 85' lang='lat' dir='ltr'>certo,</span> 
     </span>
     <span class='ocr_line' id='line_1_4' title="bbox 231 757 1094 847; baseline 0.003 -25"><span class='ocrx_word' id='word_1_19' title='bbox 231 779 315 842; x_wconf 88' lang='lat' dir='ltr'>quae</span> <span class='ocrx_word' id='word_1_20' title='bbox 337 757 462 822; x_wconf 85' lang='lat' dir='ltr'>faciunt</span> <span class='ocrx_word' id='word_1_21' title='bbox 478 757 558 824; x_wconf 80' lang='lat' dir='ltr'>solis</span> <span class='ocrx_word' id='word_1_22' title='bbox 580 780 666 823; x_wconf 82' lang='lat' dir='ltr'>nova</span> <span class='ocrx_word' id='word_1_23' title='bbox 687 780 817 844; x_wconf 78' lang='lat' dir='ltr'>semper</span> <span class='ocrx_word' id='word_1_24' title='bbox 837 760 964 825; x_wconf 88' lang='lat' dir='ltr'>lumina</span> <span class='ocrx_word' id='word_1_25' title='bbox 983 760 1094 847; x_wconf 82' lang='lat' dir='ltr'>gigni3</span> 
     </span>
     <span class='ocr_line' id='line_1_5' title="bbox 230 858 1084 946; baseline 0.005 -21"><span class='ocrx_word' id='word_1_26' title='bbox 230 859 318 946; x_wconf 91' lang='lat' dir='ltr'>quod</span> <span class='ocrx_word' id='word_1_27' title='bbox 340 883 444 945; x_wconf 87' lang='lat' dir='ltr'>genus</span> <span class='ocrx_word' id='word_1_28' title='bbox 466 858 575 925; x_wconf 86' lang='lat' dir='ltr'>Idaeis</span> <span class='ocrx_word' id='word_1_29' title='bbox 595 859 685 924; x_wconf 83' lang='lat' dir='ltr'>fama</span> <span class='ocrx_word' id='word_1_30' title='bbox 706 869 757 925; x_wconf 84' lang='lat' dir='ltr'>cst</span> <span class='ocrx_word' id='word_1_31' title='bbox 778 882 797 925; x_wconf 91' lang='lat' dir='ltr'>e</span> <span class='ocrx_word' id='word_1_32' title='bbox 819 862 986 928; x_wconf 89' lang='lat' dir='ltr'>montibus</span> <span class='ocrx_word' id='word_1_33' title='bbox 1006 864 1084 929; x_wconf 81' lang='lat' dir='ltr'>eltis</span> 
     </span>
     <span class='ocr_line' id='line_1_6' title="bbox 231 964 905 1049; baseline 0.001 -21"><span class='ocrx_word' id='word_1_34' title='bbox 231 964 392 1049; x_wconf 85' lang='lat' dir='ltr'>dispersos</span> <span class='ocrx_word' id='word_1_35' title='bbox 413 964 498 1049; x_wconf 81' lang='lat' dir='ltr'>ignis</span> <span class='ocrx_word' id='word_1_36' title='bbox 519 964 638 1029; x_wconf 83' lang='lat' dir='ltr'>orienti</span> <span class='ocrx_word' id='word_1_37' title='bbox 659 964 785 1029; x_wconf 89' lang='lat' dir='ltr'>lumine</span> <span class='ocrx_word' id='word_1_38' title='bbox 806 966 905 1043; x_wconf 87' lang='lat' dir='ltr'>cerni,</span> 
     </span>
     <span class='ocr_line' id='line_1_7' title="bbox 231 1066 1307 1156; baseline 0.008 -26"><span class='ocrx_word' id='word_1_39' title='bbox 231 1066 309 1132; x_wconf 90' lang='lat' dir='ltr'>inde</span> <span class='ocrx_word' id='word_1_40' title='bbox 329 1067 415 1132; x_wconf 90' lang='lat' dir='ltr'>coire</span> <span class='ocrx_word' id='word_1_41' title='bbox 432 1066 568 1152; x_wconf 84' lang='lat' dir='ltr'>globum</span> <span class='ocrx_word' id='word_1_42' title='bbox 586 1066 681 1152; x_wconf 82' lang='lat' dir='ltr'>qussi</span> <span class='ocrx_word' id='word_1_43' title='bbox 698 1067 733 1131; x_wconf 90' lang='lat' dir='ltr'>in</span> <span class='ocrx_word' id='word_1_44' title='bbox 749 1088 854 1131; x_wconf 89' lang='lat' dir='ltr'>unum</span> <span class='ocrx_word' id='word_1_45' title='bbox 868 1075 904 1132; x_wconf 89' lang='lat' dir='ltr'>et</span> <span class='ocrx_word' id='word_1_46' title='bbox 917 1068 1074 1136; x_wconf 87' lang='lat' dir='ltr'>conficere</span> <span class='ocrx_word' id='word_1_47' title='bbox 1088 1072 1208 1138; x_wconf 83' lang='lat' dir='ltr'>orbem</span> <span class='ocrx_word' id='word_1_48' title='bbox 1245 1074 1307 1156; x_wconf 81' lang='lat'>665</span> 
     </span>
     <span class='ocr_line' id='line_1_8' title="bbox 230 1167 1073 1237; baseline 0.005 -4"><span class='ocrx_word' id='word_1_49' title='bbox 230 1191 290 1234; x_wconf 88' lang='lat' dir='ltr'>nec</span> <span class='ocrx_word' id='word_1_50' title='bbox 311 1177 425 1233; x_wconf 89' lang='lat' dir='ltr'>tamen</span> <span class='ocrx_word' id='word_1_51' title='bbox 446 1167 528 1234; x_wconf 89' lang='lat' dir='ltr'>illud</span> <span class='ocrx_word' id='word_1_52' title='bbox 550 1169 587 1233; x_wconf 92' lang='lat' dir='ltr'>in</span> <span class='ocrx_word' id='word_1_53' title='bbox 609 1168 660 1232; x_wconf 87' lang='lat' dir='ltr'>his</span> <span class='ocrx_word' id='word_1_54' title='bbox 682 1168 780 1233; x_wconf 86' lang='lat' dir='ltr'>rebus</span> <span class='ocrx_word' id='word_1_55' title='bbox 802 1168 952 1235; x_wconf 92' lang='lat' dir='ltr'>mirabile</span> <span class='ocrx_word' id='word_1_56' title='bbox 972 1171 1073 1237; x_wconf 84' lang='lat' dir='ltr'>debet</span> 
     </span>
     <span class='ocr_line' id='line_1_9' title="bbox 230 1273 1160 1363; baseline 0.006 -24"><span class='ocrx_word' id='word_1_57' title='bbox 230 1296 309 1353; x_wconf 83' lang='lat' dir='ltr'>esse,</span> <span class='ocrx_word' id='word_1_58' title='bbox 333 1274 420 1359; x_wconf 89' lang='lat' dir='ltr'>quod</span> <span class='ocrx_word' id='word_1_59' title='bbox 443 1274 524 1338; x_wconf 89' lang='lat' dir='ltr'>baec</span> <span class='ocrx_word' id='word_1_60' title='bbox 545 1273 631 1359; x_wconf 87' lang='lat' dir='ltr'>ignis</span> <span class='ocrx_word' id='word_1_61' title='bbox 652 1283 722 1338; x_wconf 84' lang='lat' dir='ltr'>tam</span> <span class='ocrx_word' id='word_1_62' title='bbox 744 1283 834 1339; x_wconf 89' lang='lat' dir='ltr'>certo</span> <span class='ocrx_word' id='word_1_63' title='bbox 854 1284 1003 1361; x_wconf 86' lang='lat' dir='ltr'>tempore</span> <span class='ocrx_word' id='word_1_64' title='bbox 1023 1288 1160 1363; x_wconf 86' lang='lat' dir='ltr'>possunt</span> 
     </span>
     <span class='ocr_line' id='line_1_10' title="bbox 232 1375 1040 1461; baseline 0.004 -20"><span class='ocrx_word' id='word_1_65' title='bbox 232 1375 359 1441; x_wconf 86' lang='lat' dir='ltr'>semina</span> <span class='ocrx_word' id='word_1_66' title='bbox 379 1375 541 1441; x_wconf 89' lang='lat' dir='ltr'>confluere</span> <span class='ocrx_word' id='word_1_67' title='bbox 563 1384 599 1441; x_wconf 88' lang='lat' dir='ltr'>et</span> <span class='ocrx_word' id='word_1_68' title='bbox 620 1375 696 1440; x_wconf 88' lang='lat' dir='ltr'>solis</span> <span class='ocrx_word' id='word_1_69' title='bbox 720 1397 868 1461; x_wconf 78' lang='lat' dir='ltr'>reparare</span> <span class='ocrx_word' id='word_1_70' title='bbox 891 1378 1040 1445; x_wconf 89' lang='lat' dir='ltr'>nitorem.</span> 
     </span>
     <span class='ocr_line' id='line_1_11' title="bbox 231 1478 1127 1565; baseline 0.008 -23"><span class='ocrx_word' id='word_1_71' title='bbox 231 1478 338 1543; x_wconf 85' lang='lat' dir='ltr'>multa</span> <span class='ocrx_word' id='word_1_72' title='bbox 360 1478 510 1546; x_wconf 85' lang='lat' dir='ltr'>videmus</span> <span class='ocrx_word' id='word_1_73' title='bbox 533 1478 633 1557; x_wconf 88' lang='lat' dir='ltr'>enim,</span> <span class='ocrx_word' id='word_1_74' title='bbox 657 1487 746 1543; x_wconf 88' lang='lat' dir='ltr'>certo</span> <span class='ocrx_word' id='word_1_75' title='bbox 767 1500 853 1564; x_wconf 88' lang='lat' dir='ltr'>quae</span> <span class='ocrx_word' id='word_1_76' title='bbox 874 1487 1020 1565; x_wconf 87' lang='lat' dir='ltr'>tempore</span> <span class='ocrx_word' id='word_1_77' title='bbox 1041 1481 1127 1549; x_wconf 83' lang='lat' dir='ltr'>fiunt</span> 
     </span>
     <span class='ocr_line' id='line_1_12' title="bbox 232 1579 1311 1668; baseline 0.006 -22"><span class='ocrx_word' id='word_1_78' title='bbox 232 1581 383 1646; x_wconf 87' lang='lat' dir='ltr'>omnibus</span> <span class='ocrx_word' id='word_1_79' title='bbox 406 1581 441 1644; x_wconf 89' lang='lat' dir='ltr'>in</span> <span class='ocrx_word' id='word_1_80' title='bbox 464 1581 570 1646; x_wconf 82' lang='lat' dir='ltr'>rebus</span> <span class='ocrx_word' id='word_1_81' title='bbox 591 1579 766 1646; x_wconf 77' lang='lat' dir='ltr'>florescrmt</span> <span class='ocrx_word' id='word_1_82' title='bbox 788 1590 935 1666; x_wconf 89' lang='lat' dir='ltr'>tempore</span> <span class='ocrx_word' id='word_1_83' title='bbox 958 1591 1047 1648; x_wconf 89' lang='lat' dir='ltr'>certo</span> <span class='ocrx_word' id='word_1_84' title='bbox 1244 1586 1311 1668; x_wconf 92' lang='lat'>670</span> 
     </span>
     <span class='ocr_line' id='line_1_13' title="bbox 232 1685 1050 1771; baseline 0.004 -21"><span class='ocrx_word' id='word_1_85' title='bbox 232 1685 366 1750; x_wconf 87' lang='lat' dir='ltr'>arbusta</span> <span class='ocrx_word' id='word_1_86' title='bbox 386 1695 422 1750; x_wconf 85' lang='lat' dir='ltr'>et</span> <span class='ocrx_word' id='word_1_87' title='bbox 445 1695 535 1750; x_wconf 84' lang='lat' dir='ltr'>certo</span> <span class='ocrx_word' id='word_1_88' title='bbox 557 1685 733 1751; x_wconf 87' lang='lat' dir='ltr'>dimittunt</span> <span class='ocrx_word' id='word_1_89' title='bbox 758 1693 905 1771; x_wconf 83' lang='lat' dir='ltr'>tempore</span> <span class='ocrx_word' id='word_1_90' title='bbox 928 1686 1050 1753; x_wconf 85' lang='lat' dir='ltr'>florem</span> 
     </span>
     <span class='ocr_line' id='line_1_14' title="bbox 232 1790 1154 1877; baseline 0.007 -23"><span class='ocrx_word' id='word_1_91' title='bbox 232 1813 292 1856; x_wconf 87' lang='lat' dir='ltr'>nec</span> <span class='ocrx_word' id='word_1_92' title='bbox 317 1790 427 1861; x_wconf 83' lang='lat' dir='ltr'>minus</span> <span class='ocrx_word' id='word_1_93' title='bbox 450 1790 485 1854; x_wconf 92' lang='lat' dir='ltr'>in</span> <span class='ocrx_word' id='word_1_94' title='bbox 511 1800 600 1856; x_wconf 88' lang='lat' dir='ltr'>certo</span> <span class='ocrx_word' id='word_1_95' title='bbox 623 1790 739 1856; x_wconf 87' lang='lat' dir='ltr'>dentes</span> <span class='ocrx_word' id='word_1_96' title='bbox 762 1790 877 1856; x_wconf 72' lang='lat' dir='ltr'>cadere</span> <span class='ocrx_word' id='word_1_97' title='bbox 900 1792 1041 1877; x_wconf 88' lang='lat' dir='ltr'>imperat</span> <span class='ocrx_word' id='word_1_98' title='bbox 1063 1805 1154 1860; x_wconf 85' lang='lat' dir='ltr'>aetas</span> 
     </span>
     <span class='ocr_line' id='line_1_15' title="bbox 232 1894 1048 1981; baseline 0.001 -22"><span class='ocrx_word' id='word_1_99' title='bbox 232 1905 379 1981; x_wconf 91' lang='lat' dir='ltr'>tempore</span> <span class='ocrx_word' id='word_1_100' title='bbox 403 1903 438 1959; x_wconf 88' lang='lat' dir='ltr'>et</span> <span class='ocrx_word' id='word_1_101' title='bbox 460 1895 619 1980; x_wconf 85' lang='lat' dir='ltr'>inpubem</span> <span class='ocrx_word' id='word_1_102' title='bbox 642 1894 733 1959; x_wconf 89' lang='lat' dir='ltr'>molli</span> <span class='ocrx_word' id='word_1_103' title='bbox 756 1894 932 1979; x_wconf 73' lang='lat' dir='ltr'>pubescere</span> <span class='ocrx_word' id='word_1_104' title='bbox 956 1903 1048 1960; x_wconf 84' lang='lat' dir='ltr'>veste</span> 
     </span>
     <span class='ocr_line' id='line_1_16' title="bbox 232 1996 1044 2083; baseline 0.002 -22"><span class='ocrx_word' id='word_1_105' title='bbox 232 2006 266 2062; x_wconf 89' lang='lat' dir='ltr'>et</span> <span class='ocrx_word' id='word_1_106' title='bbox 288 1997 412 2083; x_wconf 85' lang='lat' dir='ltr'>periter</span> <span class='ocrx_word' id='word_1_107' title='bbox 430 1997 562 2062; x_wconf 92' lang='lat' dir='ltr'>mollem</span> <span class='ocrx_word' id='word_1_108' title='bbox 585 1997 681 2062; x_wconf 85' lang='lat' dir='ltr'>malis</span> <span class='ocrx_word' id='word_1_109' title='bbox 703 1996 877 2062; x_wconf 85' lang='lat' dir='ltr'>demittere</span> <span class='ocrx_word' id='word_1_110' title='bbox 900 1996 1044 2063; x_wconf 81' lang='lat' dir='ltr'>barbam</span> 
     </span>
     <span class='ocr_line' id='line_1_17' title="bbox 231 2098 1306 2186; baseline 0.002 -22"><span class='ocrx_word' id='word_1_111' title='bbox 231 2100 371 2164; x_wconf 87' lang='lat' dir='ltr'>fulmina</span> <span class='ocrx_word' id='word_1_112' title='bbox 392 2109 554 2186; x_wconf 85' lang='lat' dir='ltr'>postremo</span> <span class='ocrx_word' id='word_1_113' title='bbox 577 2099 635 2164; x_wconf 86' lang='lat' dir='ltr'>nix</span> <span class='ocrx_word' id='word_1_114' title='bbox 659 2099 780 2164; x_wconf 81' lang='lat' dir='ltr'>imbres</span> <span class='ocrx_word' id='word_1_115' title='bbox 799 2098 913 2164; x_wconf 85' lang='lat' dir='ltr'>nubila</span> <span class='ocrx_word' id='word_1_116' title='bbox 935 2098 1028 2164; x_wconf 76' lang='lat' dir='ltr'>venti</span> <span class='ocrx_word' id='word_1_117' title='bbox 1244 2104 1306 2186; x_wconf 79' lang='lat'>673</span> 
     </span>
     <span class='ocr_line' id='line_1_18' title="bbox 232 2203 1023 2290; baseline -0.003 -20"><span class='ocrx_word' id='word_1_118' title='bbox 232 2227 298 2270; x_wconf 87' lang='lat' dir='ltr'>non</span> <span class='ocrx_word' id='word_1_119' title='bbox 320 2205 419 2269; x_wconf 90' lang='lat' dir='ltr'>nimis</span> <span class='ocrx_word' id='word_1_120' title='bbox 443 2206 576 2271; x_wconf 86' lang='lat' dir='ltr'>incertis</span> <span class='ocrx_word' id='word_1_121' title='bbox 598 2205 683 2270; x_wconf 90' lang='lat' dir='ltr'>fiunt</span> <span class='ocrx_word' id='word_1_122' title='bbox 707 2205 741 2268; x_wconf 90' lang='lat' dir='ltr'>iu</span> <span class='ocrx_word' id='word_1_123' title='bbox 765 2204 913 2290; x_wconf 86' lang='lat' dir='ltr'>partibus</span> <span class='ocrx_word' id='word_1_124' title='bbox 935 2203 1023 2269; x_wconf 82' lang='lat' dir='ltr'>anni</span> 
     </span>
     <span class='ocr_line' id='line_1_19' title="bbox 231 2305 1155 2394; baseline 0 -22"><span class='ocrx_word' id='word_1_125' title='bbox 231 2329 373 2394; x_wconf 84' lang='lat' dir='ltr'>namque</span> <span class='ocrx_word' id='word_1_126' title='bbox 396 2309 454 2376; x_wconf 91' lang='lat' dir='ltr'>ubi</span> <span class='ocrx_word' id='word_1_127' title='bbox 475 2309 521 2374; x_wconf 87' lang='lat' dir='ltr'>sic</span> <span class='ocrx_word' id='word_1_128' title='bbox 544 2308 678 2373; x_wconf 85' lang='lat' dir='ltr'>firerunt</span> <span class='ocrx_word' id='word_1_129' title='bbox 701 2328 872 2372; x_wconf 84' lang='lat' dir='ltr'>causarum</span> <span class='ocrx_word' id='word_1_130' title='bbox 895 2305 1028 2372; x_wconf 81' lang='lat' dir='ltr'>exordia</span> <span class='ocrx_word' id='word_1_131' title='bbox 1048 2306 1155 2393; x_wconf 78' lang='lat' dir='ltr'>prime</span> 
     </span>
     <span class='ocr_line' id='line_1_20' title="bbox 231 2410 1134 2498; baseline 0.001 -22"><span class='ocrx_word' id='word_1_132' title='bbox 231 2420 330 2497; x_wconf 88' lang='lat' dir='ltr'>etque</span> <span class='ocrx_word' id='word_1_133' title='bbox 354 2411 402 2477; x_wconf 84' lang='lat' dir='ltr'>ita</span> <span class='ocrx_word' id='word_1_134' title='bbox 424 2435 476 2477; x_wconf 83' lang='lat' dir='ltr'>res</span> <span class='ocrx_word' id='word_1_135' title='bbox 499 2411 615 2477; x_wconf 89' lang='lat' dir='ltr'>mundi</span> <span class='ocrx_word' id='word_1_136' title='bbox 638 2410 782 2477; x_wconf 78' lang='lat' dir='ltr'>oecidere</span> <span class='ocrx_word' id='word_1_137' title='bbox 805 2412 849 2476; x_wconf 91' lang='lat' dir='ltr'>ab</span> <span class='ocrx_word' id='word_1_138' title='bbox 871 2411 996 2497; x_wconf 81' lang='lat' dir='ltr'>origine</span> <span class='ocrx_word' id='word_1_139' title='bbox 1019 2413 1134 2498; x_wconf 86' lang='lat' dir='ltr'>prima,</span> 
     </span>
     <span class='ocr_line' id='line_1_21' title="bbox 231 2514 1117 2602; baseline 0.002 -22"><span class='ocrx_word' id='word_1_140' title='bbox 231 2522 392 2602; x_wconf 67' lang='lat' dir='ltr'>conseque</span> <span class='ocrx_word' id='word_1_141' title='bbox 416 2537 545 2602; x_wconf 90' lang='lat' dir='ltr'>quoque</span> <span class='ocrx_word' id='word_1_142' title='bbox 568 2516 635 2579; x_wconf 91' lang='lat' dir='ltr'>iam</span> <span class='ocrx_word' id='word_1_143' title='bbox 658 2514 798 2580; x_wconf 89' lang='lat' dir='ltr'>redeunt</span> <span class='ocrx_word' id='word_1_144' title='bbox 821 2536 863 2580; x_wconf 83' lang='lat' dir='ltr'>ex</span> <span class='ocrx_word' id='word_1_145' title='bbox 885 2514 997 2579; x_wconf 87' lang='lat' dir='ltr'>ordine</span> <span class='ocrx_word' id='word_1_146' title='bbox 1019 2525 1117 2582; x_wconf 91' lang='lat' dir='ltr'>certo.</span> 
     </span>
     <span class='ocr_line' id='line_1_22' title="bbox 274 2616 1307 2704; baseline 0 -21"><span class='ocrx_word' id='word_1_147' title='bbox 274 2617 424 2683; x_wconf 85' lang='lat' dir='ltr'>Crescere</span> <span class='ocrx_word' id='word_1_148' title='bbox 448 2618 594 2704; x_wconf 87' lang='lat' dir='ltr'>itemque</span> <span class='ocrx_word' id='word_1_149' title='bbox 617 2616 686 2682; x_wconf 89' lang='lat' dir='ltr'>dies</span> <span class='ocrx_word' id='word_1_150' title='bbox 709 2616 787 2682; x_wconf 86' lang='lat' dir='ltr'>licet</span> <span class='ocrx_word' id='word_1_151' title='bbox 809 2624 845 2682; x_wconf 87' lang='lat' dir='ltr'>et</span> <span class='ocrx_word' id='word_1_152' title='bbox 867 2617 1032 2683; x_wconf 73' lang='lat' dir='ltr'>tabescere</span> <span class='ocrx_word' id='word_1_153' title='bbox 1045 2625 1164 2696; x_wconf 69' lang='grc'>000100,</span> <span class='ocrx_word' id='word_1_154' title='bbox 1240 2618 1307 2683; x_wconf 86' lang='grc'>680</span> 
     </span>
     <span class='ocr_line' id='line_1_23' title="bbox 230 2719 1087 2805; baseline 0 -20"><span class='ocrx_word' id='word_1_155' title='bbox 230 2729 265 2785; x_wconf 90' lang='lat' dir='ltr'>et</span> <span class='ocrx_word' id='word_1_156' title='bbox 287 2720 393 2784; x_wconf 91' lang='lat' dir='ltr'>minui</span> <span class='ocrx_word' id='word_1_157' title='bbox 416 2720 513 2798; x_wconf 89' lang='lat' dir='ltr'>luces,</span> <span class='ocrx_word' id='word_1_158' title='bbox 536 2742 612 2785; x_wconf 89' lang='lat' dir='ltr'>cum</span> <span class='ocrx_word' id='word_1_159' title='bbox 634 2728 767 2784; x_wconf 87' lang='lat' dir='ltr'>sumant</span> <span class='ocrx_word' id='word_1_160' title='bbox 791 2719 947 2805; x_wconf 79' lang='lat' dir='ltr'>augmine</span> <span class='ocrx_word' id='word_1_161' title='bbox 968 2730 1087 2798; x_wconf 85' lang='lat' dir='ltr'>noctes,</span> 
     </span>
     <span class='ocr_line' id='line_1_24' title="bbox 230 2822 1067 2909; baseline 0.001 -21"><span class='ocrx_word' id='word_1_162' title='bbox 230 2830 289 2888; x_wconf 88' lang='lat' dir='ltr'>aut</span> <span class='ocrx_word' id='word_1_163' title='bbox 313 2822 394 2909; x_wconf 86' lang='lat' dir='ltr'>quia</span> <span class='ocrx_word' id='word_1_164' title='bbox 413 2822 461 2887; x_wconf 87' lang='lat' dir='ltr'>sol</span> <span class='ocrx_word' id='word_1_165' title='bbox 485 2822 573 2886; x_wconf 92' lang='lat' dir='ltr'>idem</span> <span class='ocrx_word' id='word_1_166' title='bbox 596 2823 657 2887; x_wconf 90' lang='lat' dir='ltr'>sub</span> <span class='ocrx_word' id='word_1_167' title='bbox 680 2829 783 2887; x_wconf 83' lang='lat' dir='ltr'>terres</span> <span class='ocrx_word' id='word_1_168' title='bbox 806 2830 906 2907; x_wconf 89' lang='lat' dir='ltr'>atque</span> <span class='ocrx_word' id='word_1_169' title='bbox 929 2844 1067 2907; x_wconf 75' lang='lat' dir='ltr'>superne</span> 
     </span>
     <span class='ocr_line' id='line_1_25' title="bbox 231 2924 1060 3010; baseline 0.002 -22"><span class='ocrx_word' id='word_1_170' title='bbox 231 2925 409 3010; x_wconf 76' lang='lat' dir='ltr'>imparibus</span> <span class='ocrx_word' id='word_1_171' title='bbox 433 2946 565 2990; x_wconf 84' lang='lat' dir='ltr'>currens</span> <span class='ocrx_word' id='word_1_172' title='bbox 588 2924 799 2990; x_wconf 74' lang='lat' dir='ltr'>amfractibus</span> <span class='ocrx_word' id='word_1_173' title='bbox 822 2924 965 2989; x_wconf 83' lang='lat' dir='ltr'>aetheris</span> <span class='ocrx_word' id='word_1_174' title='bbox 988 2947 1060 2990; x_wconf 84' lang='lat' dir='ltr'>oras</span> 
     </span>
     <span class='ocr_line' id='line_1_26' title="bbox 230 3028 1092 3115; baseline 0.001 -21"><span class='ocrx_word' id='word_1_175' title='bbox 230 3030 333 3115; x_wconf 87' lang='lat' dir='ltr'>partit</span> <span class='ocrx_word' id='word_1_176' title='bbox 355 3038 390 3095; x_wconf 91' lang='lat' dir='ltr'>et</span> <span class='ocrx_word' id='word_1_177' title='bbox 413 3030 449 3093; x_wconf 93' lang='lat' dir='ltr'>in</span> <span class='ocrx_word' id='word_1_178' title='bbox 471 3030 574 3115; x_wconf 86' lang='lat' dir='ltr'>partis</span> <span class='ocrx_word' id='word_1_179' title='bbox 596 3051 663 3095; x_wconf 91' lang='lat' dir='ltr'>non</span> <span class='ocrx_word' id='word_1_180' title='bbox 686 3051 808 3115; x_wconf 83' lang='lat' dir='ltr'>aequas</span> <span class='ocrx_word' id='word_1_181' title='bbox 831 3028 950 3094; x_wconf 86' lang='lat' dir='ltr'>dividit</span> <span class='ocrx_word' id='word_1_182' title='bbox 972 3029 1092 3108; x_wconf 85' lang='lat' dir='ltr'>orbem,</span> 
     </span>
     <span class='ocr_line' id='line_1_27' title="bbox 230 3130 1302 3217; baseline -0.002 -22"><span class='ocrx_word' id='word_1_183' title='bbox 230 3139 264 3195; x_wconf 91' lang='lat' dir='ltr'>et</span> <span class='ocrx_word' id='word_1_184' title='bbox 287 3131 374 3217; x_wconf 90' lang='lat' dir='ltr'>quod</span> <span class='ocrx_word' id='word_1_185' title='bbox 398 3132 441 3196; x_wconf 91' lang='lat' dir='ltr'>ab</span> <span class='ocrx_word' id='word_1_186' title='bbox 464 3132 623 3197; x_wconf 85' lang='lat' dir='ltr'>alterutra</span> <span class='ocrx_word' id='word_1_187' title='bbox 645 3130 789 3197; x_wconf 88' lang='lat' dir='ltr'>detraxit</span> <span class='ocrx_word' id='word_1_188' title='bbox 810 3139 912 3217; x_wconf 84' lang='lat' dir='ltr'>parte,</span> <span class='ocrx_word' id='word_1_189' title='bbox 937 3130 1068 3216; x_wconf 87' lang='lat' dir='ltr'>reponit</span> <span class='ocrx_word' id='word_1_190' title='bbox 1241 3131 1302 3212; x_wconf 83' lang='lat'>685</span> 
     </span>
     <span class='ocr_line' id='line_1_28' title="bbox 230 3234 1000 3322; baseline 0 -24"><span class='ocrx_word' id='word_1_191' title='bbox 230 3234 301 3300; x_wconf 88' lang='lat' dir='ltr'>eius</span> <span class='ocrx_word' id='word_1_192' title='bbox 323 3235 359 3299; x_wconf 88' lang='lat' dir='ltr'>in</span> <span class='ocrx_word' id='word_1_193' title='bbox 382 3235 519 3301; x_wconf 85' lang='lat' dir='ltr'>adversa</span> <span class='ocrx_word' id='word_1_194' title='bbox 541 3244 634 3301; x_wconf 87' lang='lat' dir='ltr'>tanto</span> <span class='ocrx_word' id='word_1_195' title='bbox 657 3237 731 3322; x_wconf 90' lang='lat' dir='ltr'>plus</span> <span class='ocrx_word' id='word_1_196' title='bbox 753 3245 847 3322; x_wconf 86' lang='lat' dir='ltr'>parte</span> <span class='ocrx_word' id='word_1_197' title='bbox 869 3234 1000 3311; x_wconf 74' lang='lat' dir='ltr'>relatus,</span> 
     </span>
     <span class='ocr_line' id='line_1_29' title="bbox 230 3336 1078 3424; baseline -0.002 -22"><span class='ocrx_word' id='word_1_198' title='bbox 230 3336 332 3402; x_wconf 87' lang='lat' dir='ltr'>donec</span> <span class='ocrx_word' id='word_1_199' title='bbox 354 3337 397 3402; x_wconf 89' lang='lat' dir='ltr'>ad</span> <span class='ocrx_word' id='word_1_200' title='bbox 419 3337 454 3402; x_wconf 91' lang='lat' dir='ltr'>id</span> <span class='ocrx_word' id='word_1_201' title='bbox 477 3338 608 3423; x_wconf 85' lang='lat' dir='ltr'>signum</span> <span class='ocrx_word' id='word_1_202' title='bbox 631 3337 713 3404; x_wconf 90' lang='lat' dir='ltr'>caeli</span> <span class='ocrx_word' id='word_1_203' title='bbox 735 3336 894 3424; x_wconf 81' lang='lat' dir='ltr'>pervenit,</span> <span class='ocrx_word' id='word_1_204' title='bbox 916 3336 976 3400; x_wconf 91' lang='lat' dir='ltr'>ubi</span> <span class='ocrx_word' id='word_1_205' title='bbox 999 3336 1078 3401; x_wconf 90' lang='lat' dir='ltr'>anni</span> 
     </span>
    </p>
   </div>
   <div class='ocr_carea' id='block_1_2' title="bbox 230 3439 1334 3837">
    <p class='ocr_par' dir='ltr' id='par_1_2' title="bbox 230 3439 1031 3527">
     <span class='ocr_line' id='line_1_30' title="bbox 230 3439 1031 3527; baseline 0.001 -23"><span class='ocrx_word' id='word_1_206' title='bbox 230 3439 334 3505; x_wconf 88' lang='lat' dir='ltr'>nodus</span> <span class='ocrx_word' id='word_1_207' title='bbox 356 3449 533 3506; x_wconf 87' lang='lat' dir='ltr'>nocturnas</span> <span class='ocrx_word' id='word_1_208' title='bbox 556 3450 717 3527; x_wconf 87' lang='lat' dir='ltr'>exaequat</span> <span class='ocrx_word' id='word_1_209' title='bbox 740 3440 869 3505; x_wconf 90' lang='lat' dir='ltr'>lucibus</span> <span class='ocrx_word' id='word_1_210' title='bbox 891 3439 1031 3505; x_wconf 71' lang='lat' dir='ltr'>umbrae</span> 
     </span>
    </p>

    <p class='ocr_par' dir='ltr' id='par_1_3' title="bbox 230 3540 1334 3837">
     <span class='ocr_line' id='line_1_31' title="bbox 232 3540 1334 3630; baseline 0.001 -22"><span class='ocrx_word' id='word_1_211' title='bbox 232 3565 318 3622; x_wconf 87' lang='lat' dir='ltr'>nam,</span> <span class='ocrx_word' id='word_1_212' title='bbox 342 3543 451 3608; x_wconf 90' lang='lat' dir='ltr'>medio</span> <span class='ocrx_word' id='word_1_213' title='bbox 475 3566 571 3609; x_wconf 84' lang='lat' dir='ltr'>cursu</span> <span class='ocrx_word' id='word_1_214' title='bbox 593 3544 691 3610; x_wconf 84' lang='lat' dir='ltr'>flatus</span> <span class='ocrx_word' id='word_1_215' title='bbox 714 3543 876 3630; x_wconf 85' lang='lat' dir='ltr'>aquilonis</span> <span class='ocrx_word' id='word_1_216' title='bbox 899 3550 933 3608; x_wconf 89' lang='lat' dir='ltr'>et</span> <span class='ocrx_word' id='word_1_217' title='bbox 956 3540 1067 3622; x_wconf 86' lang='lat' dir='ltr'>austri,</span> <span class='ocrx_word' id='word_1_218' title='bbox 1329 3569 1334 3578; x_wconf 92' lang='lat'>·</span> 
     </span>
     <span class='ocr_line' id='line_1_32' title="bbox 230 3645 1306 3732; baseline 0.001 -21"><span class='ocrx_word' id='word_1_219' title='bbox 230 3645 366 3711; x_wconf 86' lang='lat' dir='ltr'>distinet</span> <span class='ocrx_word' id='word_1_220' title='bbox 387 3647 527 3732; x_wconf 86' lang='lat' dir='ltr'>aequato</span> <span class='ocrx_word' id='word_1_221' title='bbox 550 3647 677 3713; x_wconf 90' lang='lat' dir='ltr'>caelum</span> <span class='ocrx_word' id='word_1_222' title='bbox 700 3645 885 3712; x_wconf 86' lang='lat' dir='ltr'>discrimine</span> <span class='ocrx_word' id='word_1_223' title='bbox 907 3652 1013 3712; x_wconf 77' lang='lat' dir='ltr'>metes</span> <span class='ocrx_word' id='word_1_224' title='bbox 1239 3646 1306 3732; x_wconf 88' lang='lat'>690</span> 
     </span>
     <span class='ocr_line' id='line_1_33' title="bbox 231 3750 972 3837; baseline -0.001 -21"><span class='ocrx_word' id='word_1_225' title='bbox 231 3759 364 3837; x_wconf 83' lang='lat' dir='ltr'>propter</span> <span class='ocrx_word' id='word_1_226' title='bbox 384 3750 530 3836; x_wconf 82' lang='lat' dir='ltr'>signiferi</span> <span class='ocrx_word' id='word_1_227' title='bbox 551 3752 730 3837; x_wconf 84' lang='lat' dir='ltr'>posituram</span> <span class='ocrx_word' id='word_1_228' title='bbox 752 3750 854 3817; x_wconf 85' lang='lat' dir='ltr'>totius</span> <span class='ocrx_word' id='word_1_229' title='bbox 876 3750 972 3828; x_wconf 87' lang='lat' dir='ltr'>orbis,</span> 
     </span>
    </p>
   </div>
   <div class='ocr_carea' id='block_1_3' title="bbox 137 3942 1305 4422">
    <p class='ocr_par' dir='ltr' id='par_1_4' title="bbox 137 3942 1305 4422">
     <span class='ocr_line' id='line_1_34' title="bbox 175 3942 1305 4010; baseline -0.002 -12"><span class='ocrx_word' id='word_1_230' title='bbox 175 3947 226 3998; x_wconf 82' lang='grc'>666</span> <span class='ocrx_word' id='word_1_231' title='bbox 241 3945 346 3995; x_wconf 74' lang='lat' dir='ltr'>uacua</span> <span class='ocrx_word' id='word_1_232' title='bbox 361 3946 437 3996; x_wconf 81' lang='lat' dir='ltr'>Pont.</span> <span class='ocrx_word' id='word_1_233' title='bbox 452 3946 610 3998; x_wconf 72' lang='grc'>11001161</span> <span class='ocrx_word' id='word_1_234' title='bbox 626 3947 702 3998; x_wconf 82' lang='grc'>7001.</span> <span class='ocrx_word' id='word_1_235' title='bbox 720 3947 761 3997; x_wconf 78' lang='lat' dir='ltr'>ior</span> <span class='ocrx_word' id='word_1_236' title='bbox 775 3954 884 3998; x_wconf 79' lang='lat' dir='ltr'>natura.</span> <span class='ocrx_word' id='word_1_237' title='bbox 984 3945 1032 3998; x_wconf 89' lang='grc'>667</span> <span class='ocrx_word' id='word_1_238' title='bbox 1044 3951 1150 4010; x_wconf 71' lang='lat' dir='ltr'>porrum</span> <span class='ocrx_word' id='word_1_239' title='bbox 1165 3942 1247 3996; x_wconf 71' lang='lat' dir='ltr'>nnn</span> <span class='ocrx_word' id='word_1_240' title='bbox 1264 3945 1305 3996; x_wconf 74' lang='lat' dir='ltr'>tor</span> 
     </span>
     <span class='ocr_line' id='line_1_35' title="bbox 137 4026 1304 4095; baseline -0.003 -15"><span class='ocrx_word' id='word_1_241' title='bbox 137 4032 229 4095; x_wconf 70' lang='lat' dir='ltr'>pontt.</span> <span class='ocrx_word' id='word_1_242' title='bbox 258 4031 357 4093; x_wconf 77' lang='lat' dir='ltr'>possint</span> <span class='ocrx_word' id='word_1_243' title='bbox 372 4030 441 4093; x_wconf 76' lang='lat' dir='ltr'>vulg.</span> <span class='ocrx_word' id='word_1_244' title='bbox 459 4033 579 4094; x_wconf 66' lang='lat' dir='ltr'>conum</span> <span class='ocrx_word' id='word_1_245' title='bbox 594 4032 622 4081; x_wconf 80' lang='lat' dir='ltr'>to</span> <span class='ocrx_word' id='word_1_246' title='bbox 637 4029 683 4081; x_wconf 85' lang='lat' dir='ltr'>the</span> <span class='ocrx_word' id='word_1_247' title='bbox 699 4028 845 4093; x_wconf 75' lang='lat' dir='ltr'>nnrarying</span> <span class='ocrx_word' id='word_1_248' title='bbox 859 4041 938 4092; x_wconf 73' lang='lat' dir='ltr'>usage</span> <span class='ocrx_word' id='word_1_249' title='bbox 954 4027 982 4078; x_wconf 82' lang='grc'>01</span> <span class='ocrx_word' id='word_1_250' title='bbox 996 4028 1074 4077; x_wconf 78' lang='grc'>1000.</span> <span class='ocrx_word' id='word_1_251' title='bbox 1177 4026 1225 4078; x_wconf 76' lang='lat' dir='ltr'>ort</span> <span class='ocrx_word' id='word_1_252' title='bbox 1242 4027 1304 4077; x_wconf 76' lang='lat' dir='ltr'>Fal·</span> 
     </span>
     <span class='ocr_line' id='line_1_36' title="bbox 140 4107 1305 4173; baseline -0.006 -10"><span class='ocrx_word' id='word_1_253' title='bbox 140 4115 212 4163; x_wconf 73' lang='lat' dir='ltr'>mina</span> <span class='ocrx_word' id='word_1_254' title='bbox 224 4110 290 4160; x_wconf 82' lang='lat' dir='ltr'>Mar.</span> <span class='ocrx_word' id='word_1_255' title='bbox 302 4111 381 4161; x_wconf 73' lang='lat' dir='ltr'>slat</span> <span class='ocrx_word' id='word_1_256' title='bbox 397 4111 472 4162; x_wconf 71' lang='lat' dir='ltr'>sunt.</span> <span class='ocrx_word' id='word_1_257' title='bbox 487 4113 544 4162; x_wconf 81' lang='lat' dir='ltr'>first</span> <span class='ocrx_word' id='word_1_258' title='bbox 554 4113 595 4162; x_wconf 78' lang='lat' dir='ltr'>ior</span> <span class='ocrx_word' id='word_1_259' title='bbox 604 4112 733 4161; x_wconf 66' lang='grc'>67010100.</span> <span class='ocrx_word' id='word_1_260' title='bbox 832 4110 880 4161; x_wconf 80' lang='grc'>676</span> <span class='ocrx_word' id='word_1_261' title='bbox 898 4111 1025 4173; x_wconf 57' lang='lat' dir='ltr'>Coumque</span> <span class='ocrx_word' id='word_1_262' title='bbox 1034 4121 1130 4172; x_wconf 71' lang='lat' dir='ltr'>quoqu</span> <span class='ocrx_word' id='word_1_263' title='bbox 1139 4107 1193 4155; x_wconf 73' lang='lat' dir='ltr'>tam</span> <span class='ocrx_word' id='word_1_264' title='bbox 1202 4107 1305 4156; x_wconf 73' lang='lat' dir='ltr'>redeunt</span> 
     </span>
     <span class='ocr_line' id='line_1_37' title="bbox 141 4187 1304 4259; baseline -0.009 -13"><span class='ocrx_word' id='word_1_265' title='bbox 141 4194 225 4246; x_wconf 76' lang='lat' dir='ltr'>Lech.</span> <span class='ocrx_word' id='word_1_266' title='bbox 243 4193 284 4244; x_wconf 80' lang='lat' dir='ltr'>ior</span> <span class='ocrx_word' id='word_1_267' title='bbox 301 4195 455 4259; x_wconf 68' lang='lat' dir='ltr'>Consecutus</span> <span class='ocrx_word' id='word_1_268' title='bbox 473 4210 569 4259; x_wconf 68' lang='lat' dir='ltr'>quoquae</span> <span class='ocrx_word' id='word_1_269' title='bbox 586 4197 640 4245; x_wconf 74' lang='lat' dir='ltr'>tom</span> <span class='ocrx_word' id='word_1_270' title='bbox 657 4208 753 4245; x_wconf 75' lang='lat' dir='ltr'>rerum:</span> <span class='ocrx_word' id='word_1_271' title='bbox 776 4207 793 4243; x_wconf 82' lang='lat' dir='ltr'>a</span> <span class='ocrx_word' id='word_1_272' title='bbox 813 4191 932 4243; x_wconf 85' lang='lat' dir='ltr'>brilliant</span> <span class='ocrx_word' id='word_1_273' title='bbox 953 4188 1128 4242; x_wconf 78' lang='lat' dir='ltr'>emendetion.</span> <span class='ocrx_word' id='word_1_274' title='bbox 1163 4187 1304 4250; x_wconf 68' lang='lat' dir='ltr'>Corumu</span> 
     </span>
     <span class='ocr_line' id='line_1_38' title="bbox 141 4267 1304 4340; baseline -0.011 -13"><span class='ocrx_word' id='word_1_275' title='bbox 141 4275 232 4327; x_wconf 71' lang='grc'>1706.</span> <span class='ocrx_word' id='word_1_276' title='bbox 248 4274 308 4325; x_wconf 82' lang='lat' dir='ltr'>Ver.</span> <span class='ocrx_word' id='word_1_277' title='bbox 324 4275 391 4326; x_wconf 84' lang='lat' dir='ltr'>Ven.</span> <span class='ocrx_word' id='word_1_278' title='bbox 431 4276 562 4340; x_wconf 63' lang='lat' dir='ltr'>Comesse</span> <span class='ocrx_word' id='word_1_279' title='bbox 576 4284 670 4327; x_wconf 69' lang='lat' dir='ltr'>mma</span> <span class='ocrx_word' id='word_1_280' title='bbox 685 4283 722 4327; x_wconf 78' lang='lat' dir='ltr'>est</span> <span class='ocrx_word' id='word_1_281' title='bbox 738 4278 792 4326; x_wconf 72' lang='lat' dir='ltr'>tom</span> <span class='ocrx_word' id='word_1_282' title='bbox 805 4288 888 4327; x_wconf 74' lang='lat' dir='ltr'>rmus</span> <span class='ocrx_word' id='word_1_283' title='bbox 903 4273 1011 4323; x_wconf 74' lang='lat' dir='ltr'>mucul</span> <span class='ocrx_word' id='word_1_284' title='bbox 1028 4267 1117 4322; x_wconf 81' lang='lat' dir='ltr'>camb.</span> <span class='ocrx_word' id='word_1_285' title='bbox 1133 4267 1221 4317; x_wconf 72' lang='grc'>6701.</span> <span class='ocrx_word' id='word_1_286' title='bbox 1238 4267 1304 4316; x_wconf 66' lang='lat' dir='ltr'>Mer.</span> 
     </span>
     <span class='ocr_line' id='line_1_39' title="bbox 141 4343 1305 4422; baseline 0 -14"><span class='ocrx_word' id='word_1_287' title='bbox 141 4355 212 4418; x_wconf 68' lang='grc'>0010.</span> <span class='ocrx_word' id='word_1_288' title='bbox 254 4358 421 4420; x_wconf 59' lang='lat' dir='ltr'>coaequetur</span> <span class='ocrx_word' id='word_1_289' title='bbox 440 4372 537 4422; x_wconf 75' lang='lat' dir='ltr'>qaoque</span> <span class='ocrx_word' id='word_1_290' title='bbox 555 4359 607 4407; x_wconf 73' lang='lat' dir='ltr'>iam</span> <span class='ocrx_word' id='word_1_291' title='bbox 623 4359 699 4408; x_wconf 74' lang='lat' dir='ltr'>urias</span> <span class='ocrx_word' id='word_1_292' title='bbox 716 4357 792 4408; x_wconf 86' lang='lat' dir='ltr'>Pont.</span> <span class='ocrx_word' id='word_1_293' title='bbox 890 4353 1034 4405; x_wconf 71' lang='lat' dir='ltr'>det-⁶98:</span> <span class='ocrx_word' id='word_1_294' title='bbox 1059 4344 1140 4398; x_wconf 71' lang='lat' dir='ltr'>Iasob</span> <span class='ocrx_word' id='word_1_295' title='bbox 1162 4344 1211 4396; x_wconf 80' lang='lat' dir='ltr'>hae</span> <span class='ocrx_word' id='word_1_296' title='bbox 1232 4343 1305 4408; x_wconf 61' lang='grc' dir='ltr'>(1711ο</span> 
     </span>
    </p>
   </div>
   <div class='ocr_carea' id='block_1_4' title="bbox 0 0 1553 4984">
    <p class='ocr_par' dir='ltr' id='par_1_5' title="bbox 0 0 1553 4984">
     <span class='ocr_line' id='line_1_40' title="bbox 0 0 1553 4984; baseline 0 0"><span class='ocrx_word' id='word_1_297' title='bbox 0 0 1553 4984; x_wconf 95' lang='lat' dir='ltr'> </span> 
     </span>
    </p>
   </div>
  </div>
 </body>
</html>
