3092 4984
267 340 325 401 118
823 332 858 395 ΙΙ

393 493 565 559 Praeterea
586 491 739 578 quoniam
761 489 852 555 dolor
873 496 923 554 est
945 488 1002 553 ubi
1024 487 1173 552 materiai

349 616 480 680 corpora
501 595 534 659 vi
556 594 697 680 quadam
718 615 778 679 per
799 593 921 657 viscera
942 592 1016 656 viva
1036 613 1096 676 per
1116 600 1205 655 artus

350 697 522 762 sollicitata
543 698 610 764 suis
631 697 797 783 trepidant
820 697 854 761 in
876 696 1006 761 sedibus
1027 695 1125 771 intus,
1355 692 1418 775 965

351 799 449 884 inque
471 800 577 864 locum
599 799 729 886 quando
751 799 936 884 remigrant,
959 798 998 863 fit
1018 797 1139 862 blanda
1160 796 1316 881 voluptas,

351 904 430 968 scire
453 904 529 970 licet
550 904 640 969 nullo
662 904 838 989 primordia
858 925 950 989 posse
972 902 1080 967 dolore

350 1010 505 1093 temptari
526 1009 715 1094 nullamque
737 1008 940 1094 voluptatem
961 1028 1074 1092 capere
1096 1028 1137 1070 ex
1159 1027 1213 1085 se;

353 1112 614 1200 quandoquidem
634 1100 700 1178 non
723 1121 801 1179 sunt
823 1135 864 1178 ex
886 1111 960 1176 ullis
980 1109 1211 1196 principiorum

352 1217 544 1303 corporibus,
567 1238 704 1304 quorum
727 1226 835 1281 motus
857 1215 1002 1280 novitate
1024 1213 1171 1278 laborent
1356 1228 1423 1293 970

353 1328 411 1385 aut
433 1321 575 1406 aliquem
595 1323 738 1388 fructum
760 1324 890 1410 capiant
912 1321 1091 1387 dulcedinis
1113 1321 1225 1385 almae.

353 1422 434 1488 haut
455 1424 555 1508 igitur
577 1424 697 1491 debent
719 1449 787 1492 esse
809 1426 875 1491 ullo
896 1426 1044 1513 praedite
1065 1446 1168 1489 sensu

397 1525 546 1612 Denique
567 1530 617 1593 uti
638 1531 762 1615 possint
785 1530 904 1595 sentire
926 1528 1080 1593 animalis
1100 1548 1255 1613 quaeque,

354 1629 519 1723 principiis
541 1632 568 1696 si
590 1633 655 1697 iam
677 1643 728 1699 est
749 1656 861 1699 sensus
883 1631 1075 1699 tribuendus
1095 1652 1216 1705 eorum,
1415 1696 1428 1721 ὁ

354 1732 441 1816 quid,
456 1756 558 1818 genus
573 1736 753 1801 humanum
768 1738 937 1823 propritim
952 1736 993 1801 de
1008 1734 1117 1822 quibu’
1132 1735 1302 1799 factumst?
1355 1744 1417 1812 975

353 1835 473 1900 scilicet
495 1845 529 1901 et
551 1839 617 1902 risu
638 1841 778 1905 tremulo
800 1862 952 1905 concussa
972 1839 1166 1903 cachinnant

354 1948 388 2005 et
409 1941 548 2006 lacrimis
569 1953 725 2030 spargunt
746 1944 929 2010 rorantibus
951 1965 1007 2009 ora
1027 1963 1190 2029 genasque

355 2045 522 2132 multaque
544 2046 584 2112 de
606 2070 715 2114 rerum
738 2050 881 2114 mixtura
901 2049 1007 2113 dicere
1029 2047 1147 2112 callent

353 2142 387 2212 et
409 2149 470 2214 sibi
492 2173 643 2237 proporro
666 2175 749 2237 quae
771 2154 838 2217 sint
859 2153 1035 2239 primordia
1056 2158 1217 2237 quaerunt
1228 2174 1236 2229 ;

354 2252 615 2338 quandoquidem
636 2257 714 2321 totis
735 2258 926 2322 mortalibus
947 2256 1142 2322 adsimulata
1356 2252 1422 2331 980

354 2354 424 2439 ipsa
446 2378 574 2442 quoque
596 2381 637 2422 ex
659 2360 730 2423 aliis
751 2360 872 2425 dehent
894 2370 1038 2425 constare
1061 2356 1237 2435 elementis,

354 2455 429 2521 inde
452 2459 516 2523 elia
537 2482 577 2526 ex
599 2462 679 2539 aliis,
702 2486 863 2548 nusquam
886 2465 1058 2528 consistere
1080 2470 1119 2527 ut
1141 2460 1245 2525 ausis:

353 2559 472 2643 quippe
495 2583 618 2648 sequar,
642 2565 867 2651 quodcumque
888 2565 977 2651 loqui
999 2565 1167 2649 ridereque
1190 2561 1276 2625 dices

354 2670 388 2726 et
410 2685 530 2747 sapere,
553 2687 593 2730 ex
615 2668 686 2731 aliis
708 2668 823 2733 eadem
844 2669 925 2733 haec
946 2668 1138 2732 facientibus
1160 2674 1198 2730 ut
1220 2665 1270 2730 sit.

355 2765 440 2849 quod
462 2767 489 2830 si
511 2766 613 2833 delira
634 2770 713 2835 haec
735 2772 917 2856 mriosaque
940 2772 1101 2836 cemimus
1123 2792 1192 2834 esse
1356 2771 1418 2851 985

267 3012 334 3062 reler
350 3013 378 3062 to
393 3028 477 3063 sensus
496 3028 525 3063 or
544 3016 670 3080 anything
685 3016 732 3067 bnt
740 3021 855 3081 quamuis
865 3020 1016 3067 animarem
1026 3014 1055 3064 in
1063 3015 1120 3065 944.
1219 3011 1268 3062 969
1279 3010 1421 3060 Praetereo.

264 3101 397 3158 propterea
407 3093 488 3145 Lsoh.
499 3098 657 3161 perversely:
676 3112 719 3148 see
729 3101 806 3149 notes
817 3101 846 3148 2:
864 3113 880 3148 a
890 3112 947 3148 new
958 3096 1102 3160 paragraph
1112 3094 1204 3157 begins
1214 3092 1285 3142 here.

300 3177 347 3227 975
365 3178 395 3226 de
406 3179 490 3241 quiba’
498 3178 620 3242 factumst
636 3179 730 3230 Lamb.
742 3180 782 3230 lor
798 3181 828 3229 de
845 3182 934 3243 quibua
951 3186 1083 3236 emisset,
1096 3176 1149 3227 and
1164 3177 1213 3227 996
1226 3190 1275 3225 aon
1291 3189 1323 3223 ec
1338 3175 1421 3223 siden

268 3259 330 3307 tibs’
340 3259 428 3322 sactae
444 3258 484 3307 ior
498 3274 549 3309 non
564 3275 594 3309 ea
610 3261 749 3310 ridentem
765 3267 863 3310 aucha
900 3259 1004 3309 Nonius
1021 3274 1047 3322 p.
1058 3259 1107 3309 511
1123 3256 1172 3307 has
1189 3258 1219 3306 de
1235 3256 1326 3319 quidese
1341 3263 1421 3304 sonu.

266 3340 358 3391 Lamb.
371 3338 410 3391 sd
422 3343 438 3390 9
449 3339 513 3390 adds
529 3344 599 3392 most
609 3342 680 3405 truly
692 3342 825 3391 ‘Primum
842 3341 938 3391 Latine
955 3340 1006 3390 dici
1022 3355 1076 3390 ncn
1092 3342 1180 3403 potest
1195 3347 1284 3388 auena
1299 3339 1329 3387 de
1339 3352 1365 3387 re
1376 3342 1422 3387 sut

266 3436 296 3470 ec
306 3437 333 3472 re
343 3424 441 3486 elque,
454 3421 500 3471 sed
510 3431 598 3473 auem
609 3439 636 3473 re
652 3426 741 3487 aliquo
762 3422 901 3486 [speaking
918 3422 946 3471 oi
963 3436 1053 3471 course
1072 3422 1100 3470 oi
1113 3420 1159 3471 the
1175 3422 1261 3469 stoma
1271 3418 1299 3468 oi
1308 3417 1392 3468 which
1405 3434 1422 3468 s

266 3502 343 3565 thing
352 3503 376 3552 is
385 3502 473 3552 made:
490 3519 507 3552 v
518 3506 567 3552 922
579 3507 746 3568 quodcumque
761 3508 829 3553 aliua
840 3520 870 3553 es
881 3520 906 3553 se
916 3520 955 3553 ree
966 3512 1041 3565 supa
1053 3506 1157 3566 alitque,
1170 3501 1222 3552 and
1236 3501 1281 3551 the
1292 3501 1345 3550 like
1355 3500 1422 3551 hare

266 3583 376 3646 nothing
391 3584 466 3634 to'do
476 3585 539 3635 with
555 3586 600 3636 the
617 3588 763 3648 question].
796 3601 859 3635 nam
872 3594 961 3635 circeia
979 3600 1069 3634 casum
1084 3584 1227 3646 septimum
1242 3584 1300 3633 sine
1315 3597 1421 3645 praepo

267 3662 362 3713 sitione
372 3664 496 3725 postulat.
529 3664 623 3715 deinde
635 3666 707 3715 aliud
718 3669 759 3716 est
774 3675 864 3715 amira
875 3683 902 3716 re
912 3669 1010 3729 aliqua,
1023 3665 1095 3714 aliud
1107 3667 1194 3728 socna
1207 3666 1237 3712 de
1252 3680 1277 3713 re
1288 3664 1334 3712 ant
1349 3678 1380 3711 ez
1395 3679 1423 3712 re

266 3747 364 3807 aliqua.
397 3744 446 3793 hoo
462 3745 508 3806 qni
523 3747 614 3804 nescit,
632 3747 744 3797 fateatur
760 3762 789 3797 se
805 3747 938 3811 hospitem
956 3763 1012 3797 esse
1031 3747 1060 3796 in
1076 3746 1164 3808 hugus
1180 3744 1299 3794 Latina':
1316 3743 1372 3793 this
1388 3743 1423 3793 ho

266 3824 399 3876 doubtless
416 3824 539 3875 intended
550 3827 590 3875 tor
601 3827 732 3877 Gitanius.
765 3828 841 3878 Wsk.
853 3843 926 3878 more
939 3829 1047 3878 iearless
1061 3828 1127 3877 than
1144 3826 1190 3876 the
1206 3825 1295 3887 angele
1305 3825 1385 3887 lreeps
1396 3826 1424 3874 ol

265 3922 355 3958 coum
365 3916 468 3958 emtam
477 3909 530 3958 and
539 3909 602 3959 thus
617 3914 772 3970 commenta,
786 3910 912 3963 ‘editores
923 3921 1010 3976 aprum
1030 3912 1230 3975 [mostscetum]
1243 3909 1303 3959 ansi
1314 3909 1423 3968 scilieet,

264 3989 338 4039 libris
348 3989 470 4040 omnibus
481 3990 632 4053 religionem
642 3991 825 4043 invocantibus
836 3996 927 4043 contra
942 3994 1065 4056 profanos
1081 3991 1270 4049 emendatores,
1282 3990 1423 4041 dictionem

265 4069 386 4119 Lucretio
406 4069 589 4121 lubentissime
605 4073 795 4135 frequentatam
817 4078 941 4125 contextu
962 4089 1090 4134 emovere,
1110 4076 1137 4125 et
1153 4074 1223 4123 letus
1244 4072 1361 4135 proprios
1377 4087 1425 4135 per

265 4152 400 4203 semeiam
420 4152 612 4204 odiosissimum
635 4157 712 4217 atque
736 4156 941 4218 perditissimam
965 4157 1094 4207 miercire
1133 4157 1164 4207 dn
1187 4157 1309 4217 ἀργαλέω
1330 4156 1426 4217 πρᾶγμ’

265 4236 339 4294 ἐστίν,
352 4236 427 4285 elzeri
438 4237 478 4285 rui
489 4235 552 4286 desi.
586 4236 666 4300 Truly
676 4239 758 4287 delira
776 4239 835 4287 haec
847 4240 996 4303 furiosoque
1012 4242 1133 4289 cernimus
1144 4254 1194 4287 esee
1204 4240 1241 4286 Et
1252 4239 1333 4287 ridere
1341 4246 1424 4300 potest

264 4334 313 4367 oon
330 4332 361 4367 ex
377 4318 511 4366 ridentibs’
526 4318 621 4380 sectus.
727 4319 777 4369 976
793 4319 837 4367 ΑΒ
858 4318 924 4368 have
942 4319 1004 4369 here
1021 4323 1169 4378 coriarium
1191 4318 1243 4367 and
1263 4333 1293 4367 so
1309 4317 1424 4381 perhaps

265 4400 341 4449 Luer.
353 4401 443 4460 wrots;
459 4398 507 4449 bnt
515 4398 654 4449 elsewhere
664 4399 727 4463 they
737 4400 821 4449 insert
829 4400 873 4450 the
886 4403 910 4451 t.
1010 4403 1058 4452 989
1075 4404 1130 4450 alta
1139 4401 1198 4450 Ver.
1210 4400 1275 4450 Ven.
1288 4399 1327 4449 lor
1334 4403 1381 4449 oli.
