3092 4984
709 268 762 332 III
1255 274 1315 338 ¹49

244 440 312 483 esse
333 429 442 505 potest
463 419 594 485 animae
615 441 722 505 neque
743 441 867 485 sorsum
889 419 1009 504 lingua,
1032 438 1139 502 neque
1162 432 1256 478 aures

245 523 357 588 auditu
379 547 438 610 per
458 547 493 589 se
514 536 651 610 possrmt
672 523 792 588 sentire
814 544 919 607 neque
941 543 1016 587 esse.

287 626 332 691 Et
354 627 508 713 quoniam
529 637 599 692 toto
621 627 780 692 sentimus
801 648 931 711 corpore
953 625 1057 690 inesse

245 729 379 795 vitalem
401 754 533 797 sensnm
556 740 590 796 et
612 740 720 796 totum
742 752 811 794 esse
834 728 975 793 animale
996 726 1153 800 videmus,
1251 718 1312 798 635

246 832 273 895 si
294 836 403 899 subito
424 836 570 900 medium
592 834 689 900 celeri
709 832 902 918 praeciderit
923 832 990 895 ictu

246 935 295 998 vis
316 936 426 1023 aliqua
447 948 485 1002 ut
508 960 632 1001 sorsum
656 944 782 1021 partem
805 944 950 1000 secernat
971 942 1152 1016 utramque,

246 1035 416 1122 dispertita
436 1039 548 1124 procul
570 1038 671 1103 dubio
693 1059 821 1122 quoqne
843 1036 893 1100 vis
914 1035 1036 1100 animai

248 1148 281 1202 et
303 1140 434 1205 discissa
455 1142 552 1206 simul
575 1164 650 1205 cum
673 1162 801 1225 corpore
824 1140 1013 1205 dissicietur.

248 1251 282 1306 at
303 1243 390 1328 quod
413 1244 570 1308 scinditur
591 1251 626 1308 et
648 1242 750 1328 partis
771 1241 906 1307 discedit
930 1242 964 1305 in
986 1240 1077 1315 ullas,
1251 1235 1318 1312 640

250 1346 370 1411 scilicet
391 1355 559 1411 aeternam
581 1347 644 1411 sibi
666 1356 817 1411 naturam
838 1346 954 1410 abnuit
975 1366 1052 1409 esse.

249 1447 405 1513 falciferos
427 1457 609 1514 memorant
631 1471 742 1513 currus
763 1449 926 1514 abscidere
948 1449 1094 1513 membra

248 1572 343 1636 saepe
365 1552 414 1617 ita
435 1552 476 1618 de
498 1554 606 1617 subito
628 1553 792 1638 permixta
813 1552 910 1617 caede
932 1551 1075 1627 calentis,

250 1662 287 1717 ut
308 1665 447 1721 tremere
468 1656 505 1720 in
525 1665 613 1721 terra
633 1655 784 1720 videatur
805 1657 846 1719 ab
868 1655 1003 1720 artubus
1025 1654 1059 1719 id
1081 1652 1168 1739 quod

251 1756 370 1823 decidit
389 1759 557 1838 abscisum,
573 1781 648 1823 cum
668 1781 759 1823 mens
778 1767 889 1824 tamen
907 1770 1006 1844 atque
1025 1758 1166 1823 hominis
1182 1755 1232 1819 vis
1253 1754 1314 1833 645

249 1861 431 1927 mobilitate
453 1863 531 1926 mali
552 1884 619 1926 non
641 1861 713 1947 quit
735 1862 856 1927 sentire
878 1862 1041 1941 dolorem;

250 1974 285 2028 et
306 1966 406 2029 semel
428 1966 463 2029 in
484 1987 612 2050 pugnae
635 1964 741 2029 studio
763 1964 851 2050 quod
874 1963 986 2028 dedita
1008 1983 1101 2026 mens
1123 1968 1182 2035 est,

251 2089 381 2153 corpore
404 2067 527 2151 reliquo
548 2089 693 2153 pugnam
715 2067 896 2151 caedesque
918 2065 1061 2151 petessit,

253 2194 311 2236 nec
333 2180 425 2236 tenet
446 2173 597 2237 amissam
619 2172 745 2236 laevam
767 2195 842 2237 cum
865 2172 1009 2257 tegmine
1032 2190 1127 2254 saepe

253 2276 340 2341 inter
361 2298 460 2361 equos
482 2276 631 2340 abstraxe
653 2285 738 2340 rotas
760 2275 921 2360 falcesque
943 2295 1082 2358 rapaces,
1255 2267 1322 2347 650

253 2402 312 2444 nec
332 2381 482 2445 cecidisse
503 2380 586 2444 alius
608 2379 764 2457 dextram,
787 2401 861 2443 cum
883 2378 1008 2443 scandit
1030 2385 1065 2441 et
1086 2375 1194 2439 instat.

252 2484 329 2548 inde
351 2485 432 2549 alius
453 2492 588 2548 conatur
609 2483 762 2568 adempto
785 2505 914 2568 surgere
936 2504 1035 2557 crure,

252 2610 327 2653 cum
349 2587 465 2672 digitos
487 2586 591 2671 agitat
612 2594 744 2671 propter
766 2585 977 2650 moribundus
998 2583 1091 2648 humi
1112 2604 1175 2668 pes.

253 2700 288 2755 et
308 2698 406 2775 caput
428 2690 588 2754 abscisum
610 2688 713 2753 calido
735 2689 930 2773 viventeque
952 2697 1066 2752 trunco

253 2801 359 2859 servat
379 2793 472 2858 humi
493 2793 619 2857 voltum
640 2792 775 2857 vitalem
797 2793 967 2878 oculosque
989 2790 1140 2878 patentis,
1254 2790 1316 2870 655

253 2897 355 2962 donec
375 2896 527 2981 reliquias
549 2896 670 2960 animai
692 2896 835 2960 reddidit
856 2919 974 2962 omnes.

253 3001 333 3087 quin
355 3002 455 3065 etiam
477 3000 539 3065 tibi
561 3000 596 3078 si,
618 3001 731 3086 lingua
751 3002 908 3079 vibrante,
931 2999 1067 3065 micanti

162 3090 167 3096 ⁹
253 3105 412 3190 serpentis
433 3103 536 3168 cauda
557 3125 576 3169 e
598 3126 727 3189 procero
749 3128 888 3191 corpore,
911 3114 1086 3189 utrumque

253 3209 297 3273 sit
321 3208 452 3273 libitum
475 3208 510 3271 in
533 3209 654 3274 multas
680 3210 782 3295 partis
804 3210 959 3275 discidere
981 3209 1072 3286 ferro,

253 3312 364 3377 omnia
385 3312 451 3376 iam
473 3335 595 3377 sorsum
617 3335 727 3378 cemes
749 3313 859 3378 ancisa
879 3313 1000 3378 recenti
1258 3307 1324 3371 660

253 3415 384 3480 volnere
407 3417 521 3480 tortari
545 3425 579 3480 et
602 3426 721 3480 terram
745 3438 954 3502 conspargere
976 3417 1061 3491 tabo,

254 3519 359 3603 ipsam
381 3539 480 3602 seque
501 3529 588 3583 retro
608 3530 735 3604 partem
759 3528 870 3605 petere
895 3542 948 3584 ore
971 3520 1119 3605 priorem,

253 3621 394 3687 volneris
415 3622 542 3687 ardenti
566 3630 604 3687 ut
626 3645 735 3687 morsu
757 3634 884 3709 premat
907 3624 973 3689 icta
995 3623 1145 3687 dolorem

167 3842 249 3893 Lach.
261 3842 302 3892 ior
311 3858 413 3893 vocure.
446 3858 539 3906 aspare
548 3844 571 3893 B
581 3858 643 3894 corr.
655 3843 748 3893 Lomb.
756 3844 826 3906 vulg.
838 3842 948 3906 perhaps
959 3841 1063 3905 rightly.
1163 3839 1211 3889 632
1228 3839 1326 3887 subnot

167 3925 231 3976 Pina
250 3925 318 3989 conj.
339 3926 381 3975 ior
400 3928 495 3976 antara
594 3928 642 3977 633
658 3930 749 3977 auditu
767 3927 819 3977 Ed.
838 3927 879 3976 for
895 3929 1018 3977 cardicum,
1051 3924 1131 3974 Haud
1149 3924 1230 3984 icitur
1247 3918 1327 3970 Lech.

166 4007 225 4056 who
240 4007 303 4058 hero
322 4007 414 4070 begins
433 4022 449 4057 a
465 4023 522 4058 now
537 4011 667 4058 renunes.

201 4090 250 4143 647
277 4092 351 4140 muel
368 4089 449 4140 Lach.
471 4090 512 4139 {or
531 4092 615 4139 simul.
727 4090 776 4140 650
802 4096 870 4139 rotas
891 4088 962 4138 Nico.
982 4088 1023 4137 for
1038 4094 1100 4137 rote.
1209 4082 1257 4132 657
1280 4078 1329 4129 658

165 4174 273 4221 nicom
291 4172 345 4222 and
363 4174 446 4222 cauda
463 4188 476 4222 e
493 4171 545 4221 Εᾶ.
565 4171 627 4222 with
646 4172 725 4222 Lach.
746 4172 787 4221 for
805 4175 912 4221 minanti
930 4171 982 4222 and
1000 4172 1091 4220 casus:
1108 4168 1156 4216 but
1172 4164 1253 4214 Lach.
1272 4162 1327 4211 also

165 4254 242 4305 reads
259 4263 393 4319 mperucm
408 4255 448 4304 ior
461 4258 590 4318 repentia
608 4258 732 4318 utrimque
747 4254 815 4304 after
825 4253 889 4302 Mar.
901 4254 975 4303 Junt.
987 4253 1028 4301 ior
1037 4258 1181 4313 utrumqae3
1199 4244 1252 4296 and
1263 4243 1329 4292 aiter

168 4337 204 4387 all
223 4335 269 4386 his
287 4334 465 4385 construction
486 4337 510 4385 is
532 4350 593 4399 very
611 4335 706 4386 forced.
746 4336 797 4384 l.v.
817 4335 936 4383 minantia
955 4333 1082 4395 Serpentis
1103 4330 1210 4381 caudam
1228 4340 1330 4390 procem
