3092 4984
708 244 739 309 V
1238 266 1302 333 219
1392 309 1404 330 ,

272 406 362 477 Illud
384 406 421 472 in
443 406 495 471 his
518 406 616 471 rebus
638 426 683 471 ne
705 404 895 491 corripuisse
917 407 1016 472 rearis

229 533 283 576 me
305 510 398 587 mihi,
421 508 508 596 quod
533 518 655 574 terram
679 517 780 594 atque
803 509 912 595 ignem
939 511 1088 576 mortalia
1110 513 1232 600 sumpsi

230 636 299 679 esse
321 634 429 699 neque
453 634 598 678 umorem
626 610 774 676 dubitavi
796 634 956 698 aurasque
978 614 1084 699 perire

230 726 330 803 atque
354 716 468 781 eadem
490 715 581 801 gigni
604 736 778 800 rursusque
802 737 972 800 augescere
994 715 1071 796 dixi,
1236 732 1302 799 250

229 820 390 906 principio
413 841 488 904 pars
510 818 608 884 terrai
631 818 797 897 nonnulla,
821 827 955 904 perusta

230 923 351 987 solibus
375 921 525 1000 adsiduis,
550 922 656 985 multa
678 921 808 1006 pulsata
830 920 952 1006 pedum
974 921 1017 1000 vi,

229 1026 371 1111 pulveris
394 1025 525 1089 exhalat
549 1025 704 1089 nebulam
729 1025 897 1110 nubesque
920 1024 1059 1090 volentis

230 1150 312 1214 quas
335 1127 435 1191 validi
458 1135 529 1192 tote
552 1127 743 1212 dispergunt
767 1148 842 1191 aere
866 1127 967 1193 venti.

230 1253 305 1316 pars
328 1231 429 1296 etiam
451 1229 620 1315 glebarum
644 1229 686 1293 ad
711 1228 867 1293 diluviem
889 1238 1059 1295 revocatur
1235 1244 1296 1313 255

230 1332 390 1397 imbribus
413 1340 447 1396 et
470 1331 556 1417 ripas
579 1331 729 1396 radentia
749 1330 888 1395 flumina
912 1330 1039 1397 rodunt

229 1447 397 1524 praeterea
417 1458 476 1522 pro
499 1444 591 1521 parte
615 1457 681 1512 sua
708 1434 934 1520 quodcumque
957 1435 1024 1499 alid
1046 1442 1153 1520 auget,

229 1538 376 1604 redditur
383 1562 392 1617 ;
416 1547 450 1602 et
473 1537 626 1621 quoniam
650 1536 748 1600 dubio
771 1535 883 1620 procul
906 1557 975 1600 esse
996 1534 1127 1601 videtur

230 1641 435 1725 omniparens
458 1638 572 1704 eadem
595 1660 705 1702 rerum
729 1659 902 1701 commune
926 1639 1117 1723 sepulcrum,

230 1765 305 1828 ergo
328 1752 415 1808 terra
435 1741 497 1807 tibi
518 1742 641 1806 libatur
665 1749 699 1805 ct
722 1749 820 1805 aucta
842 1743 998 1808 recrescit.
1235 1743 1300 1807 260

274 1845 368 1925 Quod
391 1852 546 1931 superest,
572 1866 682 1908 umore
706 1864 790 1907 novo
815 1865 904 1908 mare
927 1843 1065 1908 flumina
1087 1843 1194 1908 fontes

230 1970 358 2033 semper
380 1947 545 2014 abundare
570 1953 603 2010 et
628 1944 739 2009 latices
763 1967 895 2009 manare
922 1945 1072 2030 perennis
1193 1989 1210 2015 .

230 2049 277 2113 nil
301 2071 382 2134 opus
405 2056 454 2113 est
478 2048 602 2134 verbis:
627 2068 764 2132 magnus
788 2046 942 2111 decursus
965 2069 1122 2132 aquarum

230 2150 373 2236 undique
396 2150 545 2215 declarat.
568 2150 625 2214 sed
646 2149 789 2234 primum
812 2149 965 2235 quicquid
987 2150 1083 2235 aquai

229 2254 356 2319 tollitur
376 2254 412 2317 in
433 2274 624 2338 summaque
646 2252 684 2315 fit
704 2260 744 2316 ut
765 2251 813 2315 nil
834 2274 928 2317 umor
948 2252 1101 2328 abundet,
1234 2253 1293 2335 265

230 2355 349 2441 partim
372 2354 458 2440 quod
480 2353 580 2418 validi
601 2362 766 2417 verrentes
788 2374 928 2437 aequora
948 2354 1038 2418 venti

231 2458 420 2523 diminuunt
441 2456 603 2542 radiisque
624 2465 774 2520 retexens
798 2456 960 2522 aetherius
982 2458 1037 2536 sol,

229 2562 348 2648 partim
370 2560 456 2646 quod
478 2569 590 2645 supter
611 2580 669 2643 per
690 2567 792 2623 terras
814 2558 937 2624 diditur
956 2561 1078 2640 omnis;

228 2665 410 2751 percolatur
431 2663 518 2729 enim
541 2662 629 2726 virus
650 2668 800 2745 retroque
822 2671 968 2727 remanat

229 2768 380 2833 materies
401 2766 522 2831 umoris
544 2775 579 2831 et
600 2764 641 2828 ad
664 2771 762 2849 caput
784 2764 934 2829 amnibus
956 2765 1061 2830 omnis
1232 2782 1297 2848 270

229 2871 388 2948 convenit,
411 2870 486 2934 inde
509 2891 605 2954 super
626 2877 726 2932 terras
748 2865 823 2931 fluit
844 2867 971 2951 agmine
994 2868 1079 2948 dulci

227 2996 295 3060 qua
315 2974 369 3037 via
389 2981 477 3037 secta
498 2971 597 3037 semel
619 2970 742 3056 liquido
765 2968 848 3056 pede
871 2969 989 3035 detulit
1011 2971 1121 3036 undas

271 3076 360 3140 Aera
380 3096 467 3139 nunc
488 3074 588 3159 igitur
609 3073 713 3138 dicam
737 3074 794 3158 qui
816 3095 945 3158 corpore
966 3081 1036 3139 toto

229 3176 508 3243 innumerabiliter
529 3175 636 3261 privas
658 3183 804 3239 mutatur
825 3175 860 3238 in
882 3175 983 3240 horas

227 3302 355 3365 semper
377 3279 473 3358 enim,
495 3278 719 3364 quodcumque
741 3278 816 3342 fluit
838 3277 1005 3355 derebus,
1027 3275 1062 3341 id
1083 3299 1178 3341 omne
1232 3292 1292 3360 275

228 3381 311 3446 aeris
333 3381 367 3445 in
389 3402 545 3465 magnum
567 3379 670 3445 fertur
691 3402 800 3459 mare;
821 3379 879 3464 qui
901 3378 964 3442 nisi
986 3387 1098 3444 centra

229 3506 361 3569 corpora
381 3483 541 3548 retribuat
562 3482 658 3546 rebus
680 3489 865 3567 recreetque
887 3481 1026 3559 fluentis,

228 3583 338 3649 omnia
358 3583 424 3646 iam
446 3581 587 3645 resoluta
607 3581 713 3646 forent
734 3594 768 3644 et
791 3580 826 3644 in
847 3603 923 3645 aera
945 3603 1044 3647 versa

228 3688 310 3752 haut
332 3687 432 3772 igitur
454 3694 556 3750 cessat
576 3684 667 3770 gigni
689 3685 729 3749 de
751 3685 849 3749 rebus
870 3693 905 3750 et
929 3684 964 3749 in
986 3707 1037 3750 res
1224 3753 1227 3757 Α

227 3789 395 3866 reccidere,
418 3788 552 3853 adsidue
573 3787 726 3873 quoniam
749 3787 848 3853 fluere
871 3789 981 3855 omnia
1002 3797 1135 3857 constat
1230 3796 1296 3861 280

139 4033 265 4082 totidem
363 4031 412 4082 248
429 4032 471 4082 Me
485 4033 549 4082 mihi
563 4030 665 4081 Bmost
678 4030 783 4096 rightly.
816 4033 922 4084 Memini
938 4033 970 4084 Δ.
1002 4035 1104 4086 Memmi
1114 4034 1197 4098 vulga
1213 4034 1296 4087 hence

139 4114 233 4164 hamb.
245 4129 283 4164 me
293 4116 427 4178 adprime
438 4115 478 4165 lor
488 4116 635 4177 adripuisse
647 4114 676 4163 in
686 4117 744 4167 247.
842 4117 891 4167 251
907 4132 957 4167 uon
966 4119 1038 4168 auda
1049 4118 1120 4168 Nice.
1133 4117 1223 4168 camb.
1235 4117 1294 4169 Ver.

140 4196 206 4246 Van.
219 4195 284 4245 Mar.
296 4195 336 4245 lor
347 4212 397 4246 aaa
407 4199 472 4246 ulla.
570 4198 618 4248 257
635 4199 691 4246 alid
705 4198 797 4248 Lamb.
814 4197 854 4249 ed.
871 4198 949 4249 land
964 4200 1030 4249 tlor
1040 4203 1090 4250 alit
1101 4197 1210 4263 rightly3
1227 4200 1295 4250 erit

138 4278 174 4330 he
192 4281 303 4328 restores
320 4281 378 4328 alit.
478 4280 526 4328 258
542 4279 675 4329 Redditur.
709 4281 818 4331 Raditur
834 4282 899 4332 Mar.
917 4283 991 4332 Junt.
1009 4282 1102 4333 hamb.
1118 4282 1195 4344 vulgo
1210 4282 1296 4333 beiore
1342 4347 1347 4357 Ι
