<?xml version="1.0" encoding="UTF-8"?>
<!DOCTYPE html PUBLIC "-//W3C//DTD XHTML 1.0 Transitional//EN"
    "http://www.w3.org/TR/xhtml1/DTD/xhtml1-transitional.dtd">
<html xmlns="http://www.w3.org/1999/xhtml" xml:lang="en" lang="en">
 <head>
  <title>
</title>
<meta http-equiv="Content-Type" content="text/html;charset=utf-8" />
  <meta name='ocr-system' content='tesseract 3.04.00' />
  <meta name='ocr-capabilities' content='ocr_page ocr_carea ocr_par ocr_line ocrx_word'/>
</head>
<body>
  <div class='ocr_page' id='page_1' title='image "./dererumnaturali01munrgoog_0110.png"; bbox 0 0 3092 4984; ppageno 0'>
   <div class='ocr_carea' id='block_1_1' title="bbox 716 240 1313 335">
    <p class='ocr_par' dir='ltr' id='par_1_1' title="bbox 716 240 1313 335">
     <span class='ocr_line' id='line_1_1' title="bbox 716 240 1313 335; baseline 0 -30"><span class='ocrx_word' id='word_1_1' title='bbox 716 240 753 305; x_wconf 85' lang='lat'>11</span> <span class='ocrx_word' id='word_1_2' title='bbox 1274 270 1313 335; x_wconf 74' lang='lat'>91</span> 
     </span>
    </p>
   </div>
   <div class='ocr_carea' id='block_1_2' title="bbox 129 396 1311 2665">
    <p class='ocr_par' dir='ltr' id='par_1_2' title="bbox 129 396 1311 2665">
     <span class='ocr_line' id='line_1_2' title="bbox 229 396 1088 485; baseline 0.001 -22"><span class='ocrx_word' id='word_1_3' title='bbox 229 398 321 463; x_wconf 81' lang='lat' dir='ltr'>ceris</span> <span class='ocrx_word' id='word_1_4' title='bbox 342 418 512 484; x_wconf 72' lang='lat' dir='ltr'><strong>expressae</strong></span> <span class='ocrx_word' id='word_1_5' title='bbox 535 417 664 461; x_wconf 84' lang='lat' dir='ltr'>sursum</span> <span class='ocrx_word' id='word_1_6' title='bbox 685 396 864 474; x_wconf 89' lang='lat' dir='ltr'>succedere,</span> <span class='ocrx_word' id='word_1_7' title='bbox 889 420 1088 485; x_wconf 81' lang='lat' dir='ltr'>quemquam</span> 
     </span>
     <span class='ocr_line' id='line_1_3' title="bbox 229 500 1311 591; baseline 0.004 -25"><span class='ocrx_word' id='word_1_8' title='bbox 229 503 387 588; x_wconf 85' lang='lat' dir='ltr'>pondera,</span> <span class='ocrx_word' id='word_1_9' title='bbox 402 511 567 588; x_wconf 81' lang='lat' dir='ltr'>qnantum</span> <span class='ocrx_word' id='word_1_10' title='bbox 582 501 619 565; x_wconf 91' lang='lat' dir='ltr'>in</span> <span class='ocrx_word' id='word_1_11' title='bbox 632 509 707 579; x_wconf 75' lang='lat' dir='ltr'>sest</span> <span class='ocrx_word' id='word_1_12' title='bbox 722 500 874 566; x_wconf 90' lang='lat' dir='ltr'>deorsum</span> <span class='ocrx_word' id='word_1_13' title='bbox 889 502 1044 569; x_wconf 74' lang='lat' dir='ltr'>deducere</span> <span class='ocrx_word' id='word_1_14' title='bbox 1059 514 1219 591; x_wconf 80' lang='lat' dir='ltr'>pugnent,</span> <span class='ocrx_word' id='word_1_15' title='bbox 1251 522 1311 588; x_wconf 85' lang='lat'>205</span> 
     </span>
     <span class='ocr_line' id='line_1_4' title="bbox 230 605 1010 691; baseline 0.003 -21"><span class='ocrx_word' id='word_1_16' title='bbox 230 616 477 691; x_wconf 79' lang='lat' dir='ltr'>nocturnasque</span> <span class='ocrx_word' id='word_1_17' title='bbox 499 606 584 670; x_wconf 74' lang='lat' dir='ltr'>faces</span> <span class='ocrx_word' id='word_1_18' title='bbox 606 605 687 670; x_wconf 82' lang='lat' dir='ltr'>caeli</span> <span class='ocrx_word' id='word_1_19' title='bbox 709 606 849 671; x_wconf 87' lang='lat' dir='ltr'>sublime</span> <span class='ocrx_word' id='word_1_20' title='bbox 870 608 1010 672; x_wconf 77' lang='lat' dir='ltr'>voluntis</span> 
     </span>
     <span class='ocr_line' id='line_1_5' title="bbox 230 707 1105 794; baseline 0.008 -22"><span class='ocrx_word' id='word_1_21' title='bbox 230 730 344 773; x_wconf 86' lang='lat' dir='ltr'>nonne</span> <span class='ocrx_word' id='word_1_22' title='bbox 366 708 458 773; x_wconf 85' lang='lat' dir='ltr'>rides</span> <span class='ocrx_word' id='word_1_23' title='bbox 479 709 592 794; x_wconf 89' lang='lat' dir='ltr'>longos</span> <span class='ocrx_word' id='word_1_24' title='bbox 613 707 821 773; x_wconf 78' lang='lat' dir='ltr'>flemmarum</span> <span class='ocrx_word' id='word_1_25' title='bbox 843 709 960 775; x_wconf 87' lang='lat' dir='ltr'>ducere</span> <span class='ocrx_word' id='word_1_26' title='bbox 981 718 1105 781; x_wconf 77' lang='lat' dir='ltr'>tractus</span> 
     </span>
     <span class='ocr_line' id='line_1_6' title="bbox 230 812 1083 899; baseline 0.002 -22"><span class='ocrx_word' id='word_1_27' title='bbox 230 814 268 877; x_wconf 89' lang='lat' dir='ltr'>in</span> <span class='ocrx_word' id='word_1_28' title='bbox 292 836 516 899; x_wconf 73' lang='lat' dir='ltr'>quascumque</span> <span class='ocrx_word' id='word_1_29' title='bbox 539 812 631 878; x_wconf 82' lang='lat' dir='ltr'><strong>dedit</strong></span> <span class='ocrx_word' id='word_1_30' title='bbox 653 813 756 898; x_wconf 77' lang='lat' dir='ltr'>partis</span> <span class='ocrx_word' id='word_1_31' title='bbox 778 822 897 878; x_wconf 83' lang='lat' dir='ltr'>natura</span> <span class='ocrx_word' id='word_1_32' title='bbox 918 819 1083 879; x_wconf 75' lang='lat' dir='ltr'>meatum?</span> 
     </span>
     <span class='ocr_line' id='line_1_7' title="bbox 232 916 1104 984; baseline 0.002 -2"><span class='ocrx_word' id='word_1_33' title='bbox 232 940 302 982; x_wconf 92' lang='lat' dir='ltr'>non</span> <span class='ocrx_word' id='word_1_34' title='bbox 323 918 438 982; x_wconf 83' lang='lat' dir='ltr'>cadere</span> <span class='ocrx_word' id='word_1_35' title='bbox 460 919 496 982; x_wconf 89' lang='lat' dir='ltr'>in</span> <span class='ocrx_word' id='word_1_36' title='bbox 518 926 640 982; x_wconf 82' lang='lat' dir='ltr'>terram</span> <span class='ocrx_word' id='word_1_37' title='bbox 661 917 773 982; x_wconf 86' lang='lat' dir='ltr'>stellas</span> <span class='ocrx_word' id='word_1_38' title='bbox 796 925 830 981; x_wconf 90' lang='lat' dir='ltr'>et</span> <span class='ocrx_word' id='word_1_39' title='bbox 852 916 959 983; x_wconf 81' lang='lat' dir='ltr'>sidera</span> <span class='ocrx_word' id='word_1_40' title='bbox 982 919 1104 984; x_wconf 65' lang='lat' dir='ltr'>cernis?</span> 
     </span>
     <span class='ocr_line' id='line_1_8' title="bbox 231 1021 1006 1107; baseline 0.003 -22"><span class='ocrx_word' id='word_1_41' title='bbox 231 1021 281 1085; x_wconf 91' lang='lat' dir='ltr'>sol</span> <span class='ocrx_word' id='word_1_42' title='bbox 305 1022 408 1086; x_wconf 82' lang='lat' dir='ltr'>etism</span> <span class='ocrx_word' id='word_1_43' title='bbox 429 1023 512 1088; x_wconf 82' lang='lat' dir='ltr'>eceli</span> <span class='ocrx_word' id='word_1_44' title='bbox 535 1022 576 1086; x_wconf 93' lang='lat' dir='ltr'>de</span> <span class='ocrx_word' id='word_1_45' title='bbox 598 1022 720 1086; x_wconf 82' lang='lat' dir='ltr'>vertice</span> <span class='ocrx_word' id='word_1_46' title='bbox 742 1021 878 1107; x_wconf 78' lang='lat' dir='ltr'>dissipat</span> <span class='ocrx_word' id='word_1_47' title='bbox 900 1023 1006 1087; x_wconf 89' lang='lat' dir='ltr'>omnis</span> 
     </span>
     <span class='ocr_line' id='line_1_9' title="bbox 234 1123 1045 1209; baseline 0.002 -21"><span class='ocrx_word' id='word_1_48' title='bbox 234 1124 386 1188; x_wconf 82' lang='lat' dir='ltr'>ardorem</span> <span class='ocrx_word' id='word_1_49' title='bbox 409 1124 445 1188; x_wconf 91' lang='lat' dir='ltr'>in</span> <span class='ocrx_word' id='word_1_50' title='bbox 465 1124 569 1209; x_wconf 86' lang='lat' dir='ltr'>partis</span> <span class='ocrx_word' id='word_1_51' title='bbox 590 1133 626 1189; x_wconf 87' lang='lat' dir='ltr'>et</span> <span class='ocrx_word' id='word_1_52' title='bbox 647 1123 771 1189; x_wconf 83' lang='lat' dir='ltr'>lumine</span> <span class='ocrx_word' id='word_1_53' title='bbox 793 1124 932 1190; x_wconf 89' lang='lat' dir='ltr'>conserit</span> <span class='ocrx_word' id='word_1_54' title='bbox 953 1147 1045 1206; x_wconf 82' lang='lat' dir='ltr'>arva3</span> 
     </span>
     <span class='ocr_line' id='line_1_10' title="bbox 231 1227 1062 1314; baseline 0.004 -22"><span class='ocrx_word' id='word_1_55' title='bbox 231 1228 269 1292; x_wconf 93' lang='lat' dir='ltr'>in</span> <span class='ocrx_word' id='word_1_56' title='bbox 291 1236 395 1293; x_wconf 82' lang='lat' dir='ltr'>terres</span> <span class='ocrx_word' id='word_1_57' title='bbox 416 1227 518 1313; x_wconf 88' lang='lat' dir='ltr'>igitur</span> <span class='ocrx_word' id='word_1_58' title='bbox 539 1250 669 1314; x_wconf 90' lang='lat' dir='ltr'>quoque</span> <span class='ocrx_word' id='word_1_59' title='bbox 690 1228 767 1293; x_wconf 88' lang='lat' dir='ltr'>solis</span> <span class='ocrx_word' id='word_1_60' title='bbox 789 1228 935 1314; x_wconf 83' lang='lat' dir='ltr'>vergitur</span> <span class='ocrx_word' id='word_1_61' title='bbox 957 1230 1062 1295; x_wconf 82' lang='lat' dir='ltr'>ardor.</span> 
     </span>
     <span class='ocr_line' id='line_1_11' title="bbox 232 1330 1149 1417; baseline 0.001 -21"><span class='ocrx_word' id='word_1_62' title='bbox 232 1340 501 1415; x_wconf 79' lang='lat' dir='ltr'>transversosque</span> <span class='ocrx_word' id='word_1_63' title='bbox 523 1330 634 1395; x_wconf 75' lang='lat' dir='ltr'>volere</span> <span class='ocrx_word' id='word_1_64' title='bbox 654 1352 713 1417; x_wconf 92' lang='lat' dir='ltr'>per</span> <span class='ocrx_word' id='word_1_65' title='bbox 733 1330 848 1396; x_wconf 88' lang='lat' dir='ltr'>imbris</span> <span class='ocrx_word' id='word_1_66' title='bbox 870 1331 1009 1397; x_wconf 83' lang='lat' dir='ltr'><strong>fulmina</strong></span> <span class='ocrx_word' id='word_1_67' title='bbox 1030 1334 1149 1398; x_wconf 83' lang='lat' dir='ltr'>cernis:</span> 
     </span>
     <span class='ocr_line' id='line_1_12' title="bbox 233 1433 1074 1520; baseline 0.001 -21"><span class='ocrx_word' id='word_1_68' title='bbox 233 1457 323 1499; x_wconf 87' lang='lat' dir='ltr'>nunc</span> <span class='ocrx_word' id='word_1_69' title='bbox 343 1435 422 1499; x_wconf 90' lang='lat' dir='ltr'>hinc</span> <span class='ocrx_word' id='word_1_70' title='bbox 443 1456 531 1499; x_wconf 89' lang='lat' dir='ltr'>nunc</span> <span class='ocrx_word' id='word_1_71' title='bbox 552 1434 643 1498; x_wconf 85' lang='lat' dir='ltr'>illine</span> <span class='ocrx_word' id='word_1_72' title='bbox 664 1433 795 1518; x_wconf 76' lang='lat' dir='ltr'><strong>abrupti</strong></span> <span class='ocrx_word' id='word_1_73' title='bbox 817 1433 959 1499; x_wconf 86' lang='lat' dir='ltr'>nubibus</span> <span class='ocrx_word' id='word_1_74' title='bbox 980 1434 1074 1520; x_wconf 88' lang='lat' dir='ltr'>ignes</span> 
     </span>
     <span class='ocr_line' id='line_1_13' title="bbox 233 1536 1308 1624; baseline 0.001 -22"><span class='ocrx_word' id='word_1_75' title='bbox 233 1546 444 1617; x_wconf 82' lang='lat' dir='ltr'>concursant3</span> <span class='ocrx_word' id='word_1_76' title='bbox 465 1537 553 1602; x_wconf 77' lang='lat' dir='ltr'>cedit</span> <span class='ocrx_word' id='word_1_77' title='bbox 574 1537 609 1601; x_wconf 92' lang='lat' dir='ltr'>in</span> <span class='ocrx_word' id='word_1_78' title='bbox 631 1546 733 1602; x_wconf 80' lang='lat' dir='ltr'>terres</span> <span class='ocrx_word' id='word_1_79' title='bbox 755 1537 804 1601; x_wconf 84' lang='lat' dir='ltr'>ris</span> <span class='ocrx_word' id='word_1_80' title='bbox 825 1536 978 1603; x_wconf 69' lang='lat' dir='ltr'>flammea</span> <span class='ocrx_word' id='word_1_81' title='bbox 998 1538 1100 1624; x_wconf 77' lang='lat' dir='ltr'>volgo.</span> <span class='ocrx_word' id='word_1_82' title='bbox 1248 1554 1308 1622; x_wconf 79' lang='lat'>215</span> 
     </span>
     <span class='ocr_line' id='line_1_14' title="bbox 278 1643 1204 1729; baseline 0 -20"><span class='ocrx_word' id='word_1_83' title='bbox 278 1645 366 1711; x_wconf 90' lang='lat' dir='ltr'>Illud</span> <span class='ocrx_word' id='word_1_84' title='bbox 388 1645 426 1709; x_wconf 91' lang='lat' dir='ltr'>in</span> <span class='ocrx_word' id='word_1_85' title='bbox 446 1643 498 1708; x_wconf 92' lang='lat' dir='ltr'>his</span> <span class='ocrx_word' id='word_1_86' title='bbox 520 1665 651 1729; x_wconf 90' lang='lat' dir='ltr'>quoque</span> <span class='ocrx_word' id='word_1_87' title='bbox 671 1651 706 1718; x_wconf 82' lang='lat' dir='ltr'>te</span> <span class='ocrx_word' id='word_1_88' title='bbox 727 1643 825 1708; x_wconf 87' lang='lat' dir='ltr'>rebus</span> <span class='ocrx_word' id='word_1_89' title='bbox 846 1664 1037 1728; x_wconf 80' lang='lat' dir='ltr'>cognoscere</span> <span class='ocrx_word' id='word_1_90' title='bbox 1059 1666 1204 1721; x_wconf 81' lang='lat' dir='ltr'>avemus,</span> 
     </span>
     <span class='ocr_line' id='line_1_15' title="bbox 233 1748 1165 1834; baseline 0.002 -21"><span class='ocrx_word' id='word_1_91' title='bbox 233 1771 367 1833; x_wconf 78' lang='lat' dir='ltr'>corpora</span> <span class='ocrx_word' id='word_1_92' title='bbox 387 1771 463 1814; x_wconf 88' lang='lat' dir='ltr'>cum</span> <span class='ocrx_word' id='word_1_93' title='bbox 484 1748 637 1814; x_wconf 90' lang='lat' dir='ltr'>deorsum</span> <span class='ocrx_word' id='word_1_94' title='bbox 657 1757 784 1831; x_wconf 67' lang='lat' dir='ltr'>reetpm</span> <span class='ocrx_word' id='word_1_95' title='bbox 806 1771 865 1834; x_wconf 88' lang='lat' dir='ltr'>per</span> <span class='ocrx_word' id='word_1_96' title='bbox 886 1750 984 1814; x_wconf 81' lang='lat' dir='ltr'>inane</span> <span class='ocrx_word' id='word_1_97' title='bbox 1006 1749 1165 1828; x_wconf 83' lang='lat' dir='ltr'>feruntur,</span> 
     </span>
     <span class='ocr_line' id='line_1_16' title="bbox 234 1851 1030 1939; baseline -0.001 -23"><span class='ocrx_word' id='word_1_98' title='bbox 234 1852 434 1938; x_wconf 79' lang='lat' dir='ltr'>ponderibus</span> <span class='ocrx_word' id='word_1_99' title='bbox 456 1852 593 1939; x_wconf 90' lang='lat' dir='ltr'>propriis</span> <span class='ocrx_word' id='word_1_100' title='bbox 614 1853 737 1918; x_wconf 88' lang='lat' dir='ltr'>incerto</span> <span class='ocrx_word' id='word_1_101' title='bbox 758 1860 905 1937; x_wconf 88' lang='lat' dir='ltr'>tempore</span> <span class='ocrx_word' id='word_1_102' title='bbox 928 1851 1030 1916; x_wconf 84' lang='lat' dir='ltr'>ferme</span> 
     </span>
     <span class='ocr_line' id='line_1_17' title="bbox 234 1954 1000 2051; baseline -0.007 -30"><span class='ocrx_word' id='word_1_103' title='bbox 234 1956 434 2041; x_wconf 76' lang='lat' dir='ltr'>incertisque</span> <span class='ocrx_word' id='word_1_104' title='bbox 456 1955 518 2021; x_wconf 89' lang='lat' dir='ltr'>loci</span> <span class='ocrx_word' id='word_1_105' title='bbox 539 1956 652 2041; x_wconf 82' lang='lat' dir='ltr'>spctiis</span> <span class='ocrx_word' id='word_1_106' title='bbox 673 1954 832 2051; x_wconf 40' lang='lat' dir='ltr'>dece-llere</span> <span class='ocrx_word' id='word_1_107' title='bbox 854 1954 1000 2038; x_wconf 80' lang='lat' dir='ltr'>paulum,</span> 
     </span>
     <span class='ocr_line' id='line_1_18' title="bbox 129 2056 1311 2147; baseline 0.002 -24"><span class='ocrx_word' id='word_1_108' title='bbox 129 2058 133 2067; x_wconf 77' lang='grc'><strong><em>’</em></strong></span> <span class='ocrx_word' id='word_1_109' title='bbox 234 2068 367 2123; x_wconf 83' lang='lat' dir='ltr'>tantum</span> <span class='ocrx_word' id='word_1_110' title='bbox 390 2057 477 2144; x_wconf 91' lang='lat' dir='ltr'>quod</span> <span class='ocrx_word' id='word_1_111' title='bbox 499 2080 631 2147; x_wconf 70' lang='lat' dir='ltr'>morpen</span> <span class='ocrx_word' id='word_1_112' title='bbox 649 2065 819 2123; x_wconf 80' lang='lat' dir='ltr'>mutatum</span> <span class='ocrx_word' id='word_1_113' title='bbox 840 2056 947 2121; x_wconf 89' lang='lat' dir='ltr'>dicere</span> <span class='ocrx_word' id='word_1_114' title='bbox 969 2056 1078 2141; x_wconf 77' lang='lat' dir='ltr'>possis</span> <span class='ocrx_word' id='word_1_115' title='bbox 1246 2078 1311 2126; x_wconf 84' lang='lat'>220</span> 
     </span>
     <span class='ocr_line' id='line_1_19' title="bbox 235 2159 1082 2246; baseline 0.001 -22"><span class='ocrx_word' id='word_1_116' title='bbox 235 2161 324 2246; x_wconf 91' lang='lat' dir='ltr'>qnod</span> <span class='ocrx_word' id='word_1_117' title='bbox 347 2161 411 2225; x_wconf 89' lang='lat' dir='ltr'>nisi</span> <span class='ocrx_word' id='word_1_118' title='bbox 434 2160 595 2226; x_wconf 81' lang='lat' dir='ltr'>declinare</span> <span class='ocrx_word' id='word_1_119' title='bbox 616 2162 766 2239; x_wconf 86' lang='lat' dir='ltr'>solerent,</span> <span class='ocrx_word' id='word_1_120' title='bbox 790 2161 901 2225; x_wconf 83' lang='lat' dir='ltr'>omnis</span> <span class='ocrx_word' id='word_1_121' title='bbox 922 2159 1082 2237; x_wconf 86' lang='lat' dir='ltr'>deorsum,</span> 
     </span>
     <span class='ocr_line' id='line_1_20' title="bbox 236 2264 1166 2350; baseline 0.004 -22"><span class='ocrx_word' id='word_1_122' title='bbox 236 2264 350 2328; x_wconf 80' lang='lat' dir='ltr'>imbris</span> <span class='ocrx_word' id='word_1_123' title='bbox 371 2264 422 2328; x_wconf 91' lang='lat' dir='ltr'>nti</span> <span class='ocrx_word' id='word_1_124' title='bbox 443 2274 566 2350; x_wconf 78' lang='lat' dir='ltr'>guttae,</span> <span class='ocrx_word' id='word_1_125' title='bbox 589 2264 741 2330; x_wconf 80' lang='lat' dir='ltr'>caderent</span> <span class='ocrx_word' id='word_1_126' title='bbox 761 2287 822 2350; x_wconf 87' lang='lat' dir='ltr'>per</span> <span class='ocrx_word' id='word_1_127' title='bbox 842 2265 940 2330; x_wconf 82' lang='lat' dir='ltr'>inane</span> <span class='ocrx_word' id='word_1_128' title='bbox 962 2266 1166 2350; x_wconf 83' lang='lat' dir='ltr'>profundum,</span> 
     </span>
     <span class='ocr_line' id='line_1_21' title="bbox 236 2368 1017 2455; baseline 0.003 -23"><span class='ocrx_word' id='word_1_129' title='bbox 236 2390 297 2433; x_wconf 90' lang='lat' dir='ltr'>nec</span> <span class='ocrx_word' id='word_1_130' title='bbox 318 2368 403 2434; x_wconf 84' lang='lat' dir='ltr'>foret</span> <span class='ocrx_word' id='word_1_131' title='bbox 423 2369 566 2435; x_wconf 86' lang='lat' dir='ltr'>offensus</span> <span class='ocrx_word' id='word_1_132' title='bbox 588 2377 687 2434; x_wconf 81' lang='lat' dir='ltr'>natus</span> <span class='ocrx_word' id='word_1_133' title='bbox 708 2392 769 2435; x_wconf 86' lang='lat' dir='ltr'>nec</span> <span class='ocrx_word' id='word_1_134' title='bbox 791 2370 887 2455; x_wconf 74' lang='lat' dir='ltr'>plaga</span> <span class='ocrx_word' id='word_1_135' title='bbox 908 2377 1017 2434; x_wconf 81' lang='lat' dir='ltr'>create</span> 
     </span>
     <span class='ocr_line' id='line_1_22' title="bbox 234 2471 1045 2558; baseline 0.005 -23"><span class='ocrx_word' id='word_1_136' title='bbox 234 2471 421 2557; x_wconf 86' lang='lat' dir='ltr'>principiis:</span> <span class='ocrx_word' id='word_1_137' title='bbox 442 2472 491 2537; x_wconf 86' lang='lat' dir='ltr'>ita</span> <span class='ocrx_word' id='word_1_138' title='bbox 511 2472 560 2537; x_wconf 92' lang='lat' dir='ltr'>nil</span> <span class='ocrx_word' id='word_1_139' title='bbox 582 2495 740 2558; x_wconf 84' lang='lat' dir='ltr'>umquam</span> <span class='ocrx_word' id='word_1_140' title='bbox 760 2482 879 2538; x_wconf 77' lang='lat' dir='ltr'>natura</span> <span class='ocrx_word' id='word_1_141' title='bbox 900 2481 1045 2539; x_wconf 80' lang='lat' dir='ltr'>creasset.</span> 
     </span>
     <span class='ocr_line' id='line_1_23' title="bbox 280 2575 1304 2665; baseline 0.005 -26"><span class='ocrx_word' id='word_1_142' title='bbox 280 2575 376 2655; x_wconf 79' lang='lat' dir='ltr'>Quod</span> <span class='ocrx_word' id='word_1_143' title='bbox 399 2576 425 2639; x_wconf 90' lang='lat' dir='ltr'>si</span> <span class='ocrx_word' id='word_1_144' title='bbox 448 2576 530 2642; x_wconf 83' lang='lat' dir='ltr'>forte</span> <span class='ocrx_word' id='word_1_145' title='bbox 551 2577 670 2663; x_wconf 87' lang='lat' dir='ltr'>uliquis</span> <span class='ocrx_word' id='word_1_146' title='bbox 691 2577 794 2643; x_wconf 87' lang='lat' dir='ltr'>credit</span> <span class='ocrx_word' id='word_1_147' title='bbox 815 2579 962 2664; x_wconf 77' lang='lat' dir='ltr'>graviore</span> <span class='ocrx_word' id='word_1_148' title='bbox 982 2587 1107 2665; x_wconf 86' lang='lat' dir='ltr'>potesse</span> <span class='ocrx_word' id='word_1_149' title='bbox 1244 2597 1284 2644; x_wconf 87' lang='lat'>22</span> <span class='ocrx_word' id='word_1_150' title='bbox 1289 2595 1304 2661; x_wconf 82' lang='grc'><strong><em>5</em></strong></span> 
     </span>
    </p>
   </div>
   <div class='ocr_carea' id='block_1_3' title="bbox 1390 1651 1458 1663">
    <p class='ocr_par' dir='ltr' id='par_1_3' title="bbox 1390 1651 1458 1663">
     <span class='ocr_line' id='line_1_24' title="bbox 1390 1651 1458 1663; baseline 0.029 -2"><span class='ocrx_word' id='word_1_151' title='bbox 1390 1651 1458 1663; x_wconf 60' lang='lat' dir='ltr'>fia-</span> 
     </span>
    </p>
   </div>
   <div class='ocr_carea' id='block_1_4' title="bbox 234 2660 1452 3278">
    <p class='ocr_par' dir='ltr' id='par_1_4' title="bbox 235 2660 1452 2873">
     <span class='ocr_line' id='line_1_25' title="bbox 235 2660 1452 2769; baseline 0.005 -24"><span class='ocrx_word' id='word_1_152' title='bbox 235 2702 377 2766; x_wconf 81' lang='lat' dir='ltr'>corpora,</span> <span class='ocrx_word' id='word_1_153' title='bbox 401 2703 465 2766; x_wconf 88' lang='lat' dir='ltr'>quo</span> <span class='ocrx_word' id='word_1_154' title='bbox 487 2682 583 2747; x_wconf 88' lang='lat' dir='ltr'>citius</span> <span class='ocrx_word' id='word_1_155' title='bbox 603 2690 729 2747; x_wconf 79' lang='lat' dir='ltr'>rectum</span> <span class='ocrx_word' id='word_1_156' title='bbox 750 2706 810 2769; x_wconf 87' lang='lat' dir='ltr'>per</span> <span class='ocrx_word' id='word_1_157' title='bbox 831 2684 928 2749; x_wconf 82' lang='lat' dir='ltr'>inane</span> <span class='ocrx_word' id='word_1_158' title='bbox 951 2684 1108 2764; x_wconf 85' lang='lat' dir='ltr'>feruntur,</span> <span class='ocrx_word' id='word_1_159' title='bbox 1406 2660 1452 2724; x_wconf 65' lang='lat' dir='ltr'>&gt;f</span> 
     </span>
     <span class='ocr_line' id='line_1_26' title="bbox 235 2782 1103 2873; baseline 0.006 -26"><span class='ocrx_word' id='word_1_160' title='bbox 235 2782 381 2848; x_wconf 86' lang='lat' dir='ltr'>incidere</span> <span class='ocrx_word' id='word_1_161' title='bbox 403 2807 443 2849; x_wconf 83' lang='lat' dir='ltr'>ex</span> <span class='ocrx_word' id='word_1_162' title='bbox 465 2807 581 2871; x_wconf 90' lang='lat' dir='ltr'>supero</span> <span class='ocrx_word' id='word_1_163' title='bbox 604 2784 779 2851; x_wconf 85' lang='lat' dir='ltr'>levioribus</span> <span class='ocrx_word' id='word_1_164' title='bbox 800 2795 899 2873; x_wconf 80' lang='lat' dir='ltr'>atque</span> <span class='ocrx_word' id='word_1_165' title='bbox 920 2788 968 2852; x_wconf 80' lang='lat' dir='ltr'>ite</span> <span class='ocrx_word' id='word_1_166' title='bbox 988 2788 1103 2872; x_wconf 80' lang='lat' dir='ltr'>plagas</span> 
     </span>
    </p>

    <p class='ocr_par' dir='ltr' id='par_1_5' title="bbox 234 2888 1091 2976">
     <span class='ocr_line' id='line_1_27' title="bbox 234 2888 1091 2976; baseline 0.002 -24"><span class='ocrx_word' id='word_1_167' title='bbox 234 2888 370 2973; x_wconf 84' lang='lat' dir='ltr'>gignere</span> <span class='ocrx_word' id='word_1_168' title='bbox 392 2910 476 2974; x_wconf 82' lang='lat' dir='ltr'>qnae</span> <span class='ocrx_word' id='word_1_169' title='bbox 497 2890 623 2975; x_wconf 75' lang='lat' dir='ltr'>possint</span> <span class='ocrx_word' id='word_1_170' title='bbox 643 2890 796 2976; x_wconf 77' lang='lat' dir='ltr'>genitalis</span> <span class='ocrx_word' id='word_1_171' title='bbox 817 2890 951 2956; x_wconf 90' lang='lat' dir='ltr'>reddere</span> <span class='ocrx_word' id='word_1_172' title='bbox 972 2897 1091 2974; x_wconf 70' lang='lat' dir='ltr'>motus,</span> 
     </span>
    </p>

    <p class='ocr_par' dir='ltr' id='par_1_6' title="bbox 236 2987 890 3074">
     <span class='ocr_line' id='line_1_28' title="bbox 236 2987 890 3074; baseline 0.017 -25"><span class='ocrx_word' id='word_1_173' title='bbox 236 2987 330 3050; x_wconf 81' lang='lat' dir='ltr'>evius</span> <span class='ocrx_word' id='word_1_174' title='bbox 352 3008 373 3050; x_wconf 86' lang='lat' dir='ltr'><strong>a</strong></span> <span class='ocrx_word' id='word_1_175' title='bbox 394 3010 471 3052; x_wconf 83' lang='lat' dir='ltr'>vere</span> <span class='ocrx_word' id='word_1_176' title='bbox 493 2988 589 3074; x_wconf 86' lang='lat' dir='ltr'>longe</span> <span class='ocrx_word' id='word_1_177' title='bbox 611 2989 736 3054; x_wconf 79' lang='lat' dir='ltr'>ratione</span> <span class='ocrx_word' id='word_1_178' title='bbox 757 2989 890 3060; x_wconf 78' lang='lat' dir='ltr'>recedit.</span> 
     </span>
    </p>

    <p class='ocr_par' dir='ltr' id='par_1_7' title="bbox 235 3090 1308 3176">
     <span class='ocr_line' id='line_1_29' title="bbox 235 3090 1308 3176; baseline 0.005 -25"><span class='ocrx_word' id='word_1_179' title='bbox 235 3110 314 3152; x_wconf 83' lang='lat' dir='ltr'>nem</span> <span class='ocrx_word' id='word_1_180' title='bbox 328 3110 395 3173; x_wconf 72' lang='lat' dir='ltr'>pen</span> <span class='ocrx_word' id='word_1_181' title='bbox 401 3111 501 3175; x_wconf 79' lang='lat' dir='ltr'>aquas</span> <span class='ocrx_word' id='word_1_182' title='bbox 516 3112 738 3176; x_wconf 81' lang='lat' dir='ltr'>quaecumque</span> <span class='ocrx_word' id='word_1_183' title='bbox 754 3090 875 3156; x_wconf 81' lang='lat' dir='ltr'>cadunt</span> <span class='ocrx_word' id='word_1_184' title='bbox 889 3098 989 3175; x_wconf 79' lang='lat' dir='ltr'>etque</span> <span class='ocrx_word' id='word_1_185' title='bbox 1004 3110 1080 3153; x_wconf 78' lang='lat' dir='ltr'>aere</span> <span class='ocrx_word' id='word_1_186' title='bbox 1093 3110 1210 3168; x_wconf 80' lang='lat' dir='ltr'>rarum,</span> <span class='ocrx_word' id='word_1_187' title='bbox 1244 3106 1261 3152; x_wconf 93' lang='grc'>2</span> <span class='ocrx_word' id='word_1_188' title='bbox 1266 3108 1308 3170; x_wconf 88' lang='lat'>30</span> 
     </span>
    </p>

    <p class='ocr_par' dir='ltr' id='par_1_8' title="bbox 236 3193 1080 3278">
     <span class='ocr_line' id='line_1_30' title="bbox 236 3193 1080 3278; baseline 0 -21"><span class='ocrx_word' id='word_1_189' title='bbox 236 3193 320 3257; x_wconf 79' lang='lat' dir='ltr'>haec</span> <span class='ocrx_word' id='word_1_190' title='bbox 341 3214 400 3278; x_wconf 89' lang='lat' dir='ltr'>pro</span> <span class='ocrx_word' id='word_1_191' title='bbox 421 3193 618 3278; x_wconf 82' lang='lat' dir='ltr'>ponderibus</span> <span class='ocrx_word' id='word_1_192' title='bbox 639 3217 731 3260; x_wconf 78' lang='lat' dir='ltr'>casus</span> <span class='ocrx_word' id='word_1_193' title='bbox 753 3195 894 3261; x_wconf 79' lang='lat' dir='ltr'>celerare</span> <span class='ocrx_word' id='word_1_194' title='bbox 916 3199 1080 3260; x_wconf 82' lang='lat' dir='ltr'>necessest</span> 
     </span>
    </p>
   </div>
   <div class='ocr_carea' id='block_1_5' title="bbox 34 3394 1310 4364">
    <p class='ocr_par' dir='ltr' id='par_1_9' title="bbox 34 3394 1310 4364">
     <span class='ocr_line' id='line_1_31' title="bbox 144 3394 1310 3460; baseline -0.003 -15"><span class='ocrx_word' id='word_1_195' title='bbox 144 3398 255 3460; x_wconf 55' lang='lat' dir='ltr'>qdfl.</span> <span class='ocrx_word' id='word_1_196' title='bbox 355 3395 658 3447; x_wconf 61' lang='grc' dir='ltr'>001100010ωο</span> <span class='ocrx_word' id='word_1_197' title='bbox 672 3399 793 3447; x_wconf 77' lang='lat' dir='ltr'>deducere</span> <span class='ocrx_word' id='word_1_198' title='bbox 809 3396 968 3447; x_wconf 52' lang='lat' dir='ltr'>Maturus</span> <span class='ocrx_word' id='word_1_199' title='bbox 986 3394 1310 3445; x_wconf 70' lang='lat' dir='ltr'>suntsorinmdeorm</span> 
     </span>
     <span class='ocr_line' id='line_1_32' title="bbox 143 3475 1308 3542; baseline -0.002 -15"><span class='ocrx_word' id='word_1_200' title='bbox 143 3480 247 3527; x_wconf 71' lang='lat' dir='ltr'>ducere.</span> <span class='ocrx_word' id='word_1_201' title='bbox 271 3479 302 3527; x_wconf 74' lang='lat' dir='ltr'>is</span> <span class='ocrx_word' id='word_1_202' title='bbox 311 3492 337 3527; x_wconf 78' lang='lat' dir='ltr'>oe</span> <span class='ocrx_word' id='word_1_203' title='bbox 347 3485 385 3527; x_wconf 76' lang='lat' dir='ltr'>eet</span> <span class='ocrx_word' id='word_1_204' title='bbox 394 3477 464 3527; x_wconf 79' lang='lat' dir='ltr'>Flor.</span> <span class='ocrx_word' id='word_1_205' title='bbox 475 3480 507 3528; x_wconf 78' lang='lat'>31</span> <span class='ocrx_word' id='word_1_206' title='bbox 525 3477 614 3528; x_wconf 84' lang='lat' dir='ltr'>Osmb.</span> <span class='ocrx_word' id='word_1_207' title='bbox 643 3486 810 3542; x_wconf 66' lang='grc'>0000101001</span> <span class='ocrx_word' id='word_1_208' title='bbox 818 3482 847 3527; x_wconf 84' lang='lat' dir='ltr'>in</span> <span class='ocrx_word' id='word_1_209' title='bbox 858 3494 884 3528; x_wconf 78' lang='lat' dir='ltr'>ee</span> <span class='ocrx_word' id='word_1_210' title='bbox 894 3480 1007 3528; x_wconf 72' lang='lat' dir='ltr'>deormm</span> <span class='ocrx_word' id='word_1_211' title='bbox 1015 3479 1103 3527; x_wconf 75' lang='lat' dir='ltr'>droeere</span> <span class='ocrx_word' id='word_1_212' title='bbox 1112 3475 1308 3526; x_wconf 80' lang='lat' dir='ltr'>oneVot.Pont.</span> 
     </span>
     <span class='ocr_line' id='line_1_33' title="bbox 34 3557 1309 3617; baseline -0.002 -8"><span class='ocrx_word' id='word_1_213' title='bbox 34 3606 36 3617; x_wconf 82' lang='grc'><strong>,</strong></span> <span class='ocrx_word' id='word_1_214' title='bbox 143 3558 229 3608; x_wconf 74' lang='lat' dir='ltr'>Lech.</span> <span class='ocrx_word' id='word_1_215' title='bbox 347 3561 396 3610; x_wconf 82' lang='grc'>209</span> <span class='ocrx_word' id='word_1_216' title='bbox 412 3561 501 3609; x_wconf 82' lang='lat' dir='ltr'>endere</span> <span class='ocrx_word' id='word_1_217' title='bbox 517 3562 547 3609; x_wconf 80' lang='lat' dir='ltr'>in</span> <span class='ocrx_word' id='word_1_218' title='bbox 563 3568 655 3609; x_wconf 76' lang='lat' dir='ltr'>terrem</span> <span class='ocrx_word' id='word_1_219' title='bbox 672 3559 743 3609; x_wconf 83' lang='lat' dir='ltr'>Nice.</span> <span class='ocrx_word' id='word_1_220' title='bbox 762 3560 803 3609; x_wconf 75' lang='lat' dir='ltr'>ior</span> <span class='ocrx_word' id='word_1_221' title='bbox 819 3562 931 3610; x_wconf 76' lang='lat' dir='ltr'>cederem</span> <span class='ocrx_word' id='word_1_222' title='bbox 950 3563 979 3610; x_wconf 78' lang='lat' dir='ltr'>is</span> <span class='ocrx_word' id='word_1_223' title='bbox 994 3567 1070 3609; x_wconf 74' lang='lat' dir='ltr'>terre.</span> <span class='ocrx_word' id='word_1_224' title='bbox 1179 3557 1227 3606; x_wconf 90' lang='grc'>210</span> <span class='ocrx_word' id='word_1_225' title='bbox 1243 3559 1309 3607; x_wconf 77' lang='lat' dir='ltr'>eseli</span> 
     </span>
     <span class='ocr_line' id='line_1_34' title="bbox 143 3639 1308 3702; baseline 0 -12"><span class='ocrx_word' id='word_1_226' title='bbox 143 3639 904 3690; x_wconf 68' lang='lat' dir='ltr'>Bembetterthnnsmmooruetteriodoldcreditors:</span> <span class='ocrx_word' id='word_1_227' title='bbox 921 3644 987 3692; x_wconf 78' lang='lat' dir='ltr'>eceli</span> <span class='ocrx_word' id='word_1_228' title='bbox 1003 3639 1308 3702; x_wconf 69' lang='lat' dir='ltr'>lhsdmyselrrestored</span> 
     </span>
     <span class='ocr_line' id='line_1_35' title="bbox 143 3722 1307 3788; baseline 0.002 -16"><span class='ocrx_word' id='word_1_229' title='bbox 143 3724 214 3772; x_wconf 76' lang='lat' dir='ltr'>trem</span> <span class='ocrx_word' id='word_1_230' title='bbox 225 3722 282 3772; x_wconf 80' lang='lat' dir='ltr'>Cic.</span> <span class='ocrx_word' id='word_1_231' title='bbox 298 3722 370 3771; x_wconf 74' lang='lat' dir='ltr'>Aret.</span> <span class='ocrx_word' id='word_1_232' title='bbox 386 3723 435 3774; x_wconf 80' lang='grc'>200</span> <span class='ocrx_word' id='word_1_233' title='bbox 445 3738 538 3772; x_wconf 71' lang='lat' dir='ltr'>mmo</span> <span class='ocrx_word' id='word_1_234' title='bbox 553 3725 618 3772; x_wconf 78' lang='lat' dir='ltr'>eceli</span> <span class='ocrx_word' id='word_1_235' title='bbox 629 3724 659 3772; x_wconf 80' lang='lat' dir='ltr'>de</span> <span class='ocrx_word' id='word_1_236' title='bbox 670 3726 762 3773; x_wconf 80' lang='lat' dir='ltr'>uertiee</span> <span class='ocrx_word' id='word_1_237' title='bbox 779 3732 891 3773; x_wconf 75' lang='lat' dir='ltr'>tranem.</span> <span class='ocrx_word' id='word_1_238' title='bbox 989 3723 1038 3772; x_wconf 79' lang='grc'>214</span> <span class='ocrx_word' id='word_1_239' title='bbox 1054 3726 1165 3787; x_wconf 71' lang='lat' dir='ltr'>atnepti.</span> <span class='ocrx_word' id='word_1_240' title='bbox 1193 3726 1307 3788; x_wconf 74' lang='lat' dir='ltr'>atneptis</span> 
     </span>
     <span class='ocr_line' id='line_1_36' title="bbox 144 3803 1306 3867; baseline -0.001 -14"><span class='ocrx_word' id='word_1_241' title='bbox 144 3804 411 3855; x_wconf 63' lang='grc'>1100000111127.</span> <span class='ocrx_word' id='word_1_242' title='bbox 508 3805 558 3853; x_wconf 83' lang='grc'>218</span> <span class='ocrx_word' id='word_1_243' title='bbox 569 3804 648 3866; x_wconf 75' lang='lat' dir='ltr'>ferme</span> <span class='ocrx_word' id='word_1_244' title='bbox 659 3803 729 3852; x_wconf 89' lang='lat' dir='ltr'>Flor.</span> <span class='ocrx_word' id='word_1_245' title='bbox 741 3804 772 3853; x_wconf 80' lang='grc'>01</span> <span class='ocrx_word' id='word_1_246' title='bbox 786 3803 876 3854; x_wconf 79' lang='lat' dir='ltr'>Csmb.</span> <span class='ocrx_word' id='word_1_247' title='bbox 888 3803 953 3853; x_wconf 74' lang='lat' dir='ltr'>Mer.</span> <span class='ocrx_word' id='word_1_248' title='bbox 965 3804 1006 3853; x_wconf 81' lang='lat' dir='ltr'>for</span> <span class='ocrx_word' id='word_1_249' title='bbox 1014 3806 1097 3867; x_wconf 79' lang='lat' dir='ltr'>firme.</span> <span class='ocrx_word' id='word_1_250' title='bbox 1195 3805 1243 3855; x_wconf 79' lang='grc'>219</span> <span class='ocrx_word' id='word_1_251' title='bbox 1262 3805 1306 3853; x_wconf 75' lang='lat' dir='ltr'>Is·</span> 
     </span>
     <span class='ocr_line' id='line_1_37' title="bbox 143 3885 1308 3950; baseline -0.001 -14"><span class='ocrx_word' id='word_1_252' title='bbox 143 3888 272 3948; x_wconf 70' lang='lat' dir='ltr'>cenisque</span> <span class='ocrx_word' id='word_1_253' title='bbox 296 3887 345 3934; x_wconf 76' lang='lat' dir='ltr'>loci</span> <span class='ocrx_word' id='word_1_254' title='bbox 362 3887 455 3947; x_wconf 74' lang='lat' dir='ltr'>spuriis</span> <span class='ocrx_word' id='word_1_255' title='bbox 476 3887 597 3936; x_wconf 80' lang='lat' dir='ltr'>deeeltere</span> <span class='ocrx_word' id='word_1_256' title='bbox 614 3885 695 3936; x_wconf 81' lang='lat' dir='ltr'>Lech.</span> <span class='ocrx_word' id='word_1_257' title='bbox 718 3887 758 3936; x_wconf 79' lang='lat'>101</span> <span class='ocrx_word' id='word_1_258' title='bbox 778 3888 932 3949; x_wconf 69' lang='lat' dir='ltr'>lacertisque</span> <span class='ocrx_word' id='word_1_259' title='bbox 952 3890 1013 3937; x_wconf 75' lang='lat' dir='ltr'>loeis</span> <span class='ocrx_word' id='word_1_260' title='bbox 1031 3890 1114 3950; x_wconf 73' lang='lat' dir='ltr'>spatio</span> <span class='ocrx_word' id='word_1_261' title='bbox 1132 3888 1265 3950; x_wconf 73' lang='lat' dir='ltr'>depellere:</span> <span class='ocrx_word' id='word_1_262' title='bbox 1291 3900 1308 3935; x_wconf 87' lang='lat' dir='ltr'>s</span> 
     </span>
     <span class='ocr_line' id='line_1_38' title="bbox 142 3965 1308 4032; baseline -0.001 -14"><span class='ocrx_word' id='word_1_263' title='bbox 142 3968 266 4018; x_wconf 67' lang='lat' dir='ltr'>hnilimt</span> <span class='ocrx_word' id='word_1_264' title='bbox 282 3965 462 4017; x_wconf 80' lang='lat' dir='ltr'>ernendstion:</span> <span class='ocrx_word' id='word_1_265' title='bbox 479 3967 595 4030; x_wconf 81' lang='lat' dir='ltr'>possibly</span> <span class='ocrx_word' id='word_1_266' title='bbox 611 3967 687 4017; x_wconf 82' lang='lat' dir='ltr'>Lucr.</span> <span class='ocrx_word' id='word_1_267' title='bbox 703 3970 782 4018; x_wconf 78' lang='lat' dir='ltr'>wrote</span> <span class='ocrx_word' id='word_1_268' title='bbox 797 3969 943 4031; x_wconf 70' lang='lat' dir='ltr'>Incertoque</span> <span class='ocrx_word' id='word_1_269' title='bbox 960 3972 1010 4019; x_wconf 80' lang='lat' dir='ltr'>loci</span> <span class='ocrx_word' id='word_1_270' title='bbox 1025 3972 1119 4032; x_wconf 63' lang='lat' dir='ltr'>specim</span> <span class='ocrx_word' id='word_1_271' title='bbox 1142 3969 1188 4017; x_wconf 86' lang='lat' dir='ltr'>the</span> <span class='ocrx_word' id='word_1_272' title='bbox 1204 3968 1308 4029; x_wconf 75' lang='lat' dir='ltr'>corrupt</span> 
     </span>
     <span class='ocr_line' id='line_1_39' title="bbox 142 4046 1307 4112; baseline -0.003 -13"><span class='ocrx_word' id='word_1_273' title='bbox 142 4052 208 4099; x_wconf 75' lang='lat' dir='ltr'>loeis</span> <span class='ocrx_word' id='word_1_274' title='bbox 219 4048 330 4110; x_wconf 65' lang='lat' dir='ltr'>candus</span> <span class='ocrx_word' id='word_1_275' title='bbox 339 4048 385 4097; x_wconf 88' lang='lat' dir='ltr'>the</span> <span class='ocrx_word' id='word_1_276' title='bbox 396 4046 496 4110; x_wconf 69' lang='lat' dir='ltr'>change</span> <span class='ocrx_word' id='word_1_277' title='bbox 507 4050 535 4097; x_wconf 88' lang='grc'>10</span> <span class='ocrx_word' id='word_1_278' title='bbox 545 4050 658 4097; x_wconf 77' lang='lat' dir='ltr'>incertis.</span> <span class='ocrx_word' id='word_1_279' title='bbox 690 4051 774 4110; x_wconf 70' lang='lat' dir='ltr'>spatio</span> <span class='ocrx_word' id='word_1_280' title='bbox 785 4064 811 4099; x_wconf 85' lang='lat' dir='ltr'>ee</span> <span class='ocrx_word' id='word_1_281' title='bbox 822 4052 924 4112; x_wconf 71' lang='lat' dir='ltr'>pellere,</span> <span class='ocrx_word' id='word_1_282' title='bbox 939 4051 1062 4109; x_wconf 77' lang='lat' dir='ltr'>decedere,</span> <span class='ocrx_word' id='word_1_283' title='bbox 1077 4052 1187 4099; x_wconf 75' lang='lat' dir='ltr'>secedere</span> <span class='ocrx_word' id='word_1_284' title='bbox 1198 4051 1226 4099; x_wconf 86' lang='grc'>01</span> <span class='ocrx_word' id='word_1_285' title='bbox 1240 4049 1307 4097; x_wconf 78' lang='lat' dir='ltr'>Mur.</span> 
     </span>
     <span class='ocr_line' id='line_1_40' title="bbox 141 4130 1308 4194; baseline -0.004 -11"><span class='ocrx_word' id='word_1_286' title='bbox 141 4135 243 4183; x_wconf 69' lang='lat' dir='ltr'>Arene</span> <span class='ocrx_word' id='word_1_287' title='bbox 260 4132 336 4181; x_wconf 83' lang='lat' dir='ltr'>Jnnt</span> <span class='ocrx_word' id='word_1_288' title='bbox 356 4131 448 4181; x_wconf 81' lang='lat' dir='ltr'>Lemb.</span> <span class='ocrx_word' id='word_1_289' title='bbox 469 4133 518 4181; x_wconf 86' lang='grc'>010.</span> <span class='ocrx_word' id='word_1_290' title='bbox 537 4130 604 4181; x_wconf 78' lang='lat' dir='ltr'>hero</span> <span class='ocrx_word' id='word_1_291' title='bbox 620 4146 656 4182; x_wconf 89' lang='lat' dir='ltr'>no</span> <span class='ocrx_word' id='word_1_292' title='bbox 670 4131 802 4194; x_wconf 77' lang='lat' dir='ltr'>meaning.</span> <span class='ocrx_word' id='word_1_293' title='bbox 899 4134 948 4183; x_wconf 85' lang='grc'>220</span> <span class='ocrx_word' id='word_1_294' title='bbox 970 4149 1072 4182; x_wconf 69' lang='lat' dir='ltr'>mercen</span> <span class='ocrx_word' id='word_1_295' title='bbox 1104 4135 1235 4182; x_wconf 72' lang='grc'>0110110001</span> <span class='ocrx_word' id='word_1_296' title='bbox 1256 4132 1308 4179; x_wconf 78' lang='lat' dir='ltr'>two</span> 
     </span>
     <span class='ocr_line' id='line_1_41' title="bbox 141 4212 1308 4277; baseline -0.005 -14"><span class='ocrx_word' id='word_1_297' title='bbox 141 4216 205 4265; x_wconf 70' lang='lat' dir='ltr'>Vct.</span> <span class='ocrx_word' id='word_1_298' title='bbox 223 4212 280 4263; x_wconf 73' lang='lat' dir='ltr'>end</span> <span class='ocrx_word' id='word_1_299' title='bbox 295 4212 340 4261; x_wconf 85' lang='lat' dir='ltr'>old</span> <span class='ocrx_word' id='word_1_300' title='bbox 355 4213 409 4263; x_wconf 79' lang='lat' dir='ltr'>eds.</span> <span class='ocrx_word' id='word_1_301' title='bbox 426 4213 514 4263; x_wconf 71' lang='lat' dir='ltr'>before</span> <span class='ocrx_word' id='word_1_302' title='bbox 535 4213 610 4262; x_wconf 78' lang='lat' dir='ltr'>Junt.</span> <span class='ocrx_word' id='word_1_303' title='bbox 707 4215 755 4265; x_wconf 81' lang='grc'>227</span> <span class='ocrx_word' id='word_1_304' title='bbox 777 4216 869 4277; x_wconf 64' lang='lat' dir='ltr'>perpes</span> <span class='ocrx_word' id='word_1_305' title='bbox 885 4214 908 4262; x_wconf 89' lang='grc' dir='ltr'>Β</span> <span class='ocrx_word' id='word_1_306' title='bbox 923 4228 987 4264; x_wconf 79' lang='lat' dir='ltr'>corr.</span> <span class='ocrx_word' id='word_1_307' title='bbox 1005 4213 1057 4263; x_wconf 82' lang='lat' dir='ltr'>end</span> <span class='ocrx_word' id='word_1_308' title='bbox 1073 4213 1165 4263; x_wconf 75' lang='lat' dir='ltr'>humb.</span> <span class='ocrx_word' id='word_1_309' title='bbox 1182 4213 1223 4262; x_wconf 82' lang='lat' dir='ltr'>tor</span> <span class='ocrx_word' id='word_1_310' title='bbox 1235 4213 1308 4273; x_wconf 67' lang='lat' dir='ltr'>plac.</span> 
     </span>
     <span class='ocr_line' id='line_1_42' title="bbox 138 4296 1269 4364; baseline -0.003 -17"><span class='ocrx_word' id='word_1_311' title='bbox 138 4301 230 4364; x_wconf 56' lang='lat' dir='ltr'>plevis</span> <span class='ocrx_word' id='word_1_312' title='bbox 246 4296 320 4347; x_wconf 76' lang='lat' dir='ltr'>Nico.</span> <span class='ocrx_word' id='word_1_313' title='bbox 337 4296 455 4348; x_wconf 69' lang='lat' dir='ltr'>followed</span> <span class='ocrx_word' id='word_1_314' title='bbox 470 4296 506 4361; x_wconf 76' lang='lat' dir='ltr'>by</span> <span class='ocrx_word' id='word_1_315' title='bbox 521 4297 558 4349; x_wconf 81' lang='lat' dir='ltr'>sll</span> <span class='ocrx_word' id='word_1_316' title='bbox 573 4296 660 4348; x_wconf 68' lang='lat' dir='ltr'>beders</span> <span class='ocrx_word' id='word_1_317' title='bbox 674 4297 767 4349; x_wconf 72' lang='lat' dir='ltr'>humb.</span> <span class='ocrx_word' id='word_1_318' title='bbox 866 4298 915 4349; x_wconf 82' lang='grc'>220</span> <span class='ocrx_word' id='word_1_319' title='bbox 939 4301 1019 4348; x_wconf 76' lang='lat' dir='ltr'>Arius</span> <span class='ocrx_word' id='word_1_320' title='bbox 1035 4296 1107 4347; x_wconf 75' lang='lat' dir='ltr'>Nice.</span> <span class='ocrx_word' id='word_1_321' title='bbox 1123 4296 1165 4345; x_wconf 85' lang='lat' dir='ltr'>for</span> <span class='ocrx_word' id='word_1_322' title='bbox 1179 4297 1269 4346; x_wconf 70' lang='lat' dir='ltr'>Aulon.</span> 
     </span>
    </p>
   </div>
   <div class='ocr_carea' id='block_1_6' title="bbox 0 0 1558 4984">
    <p class='ocr_par' dir='ltr' id='par_1_10' title="bbox 0 0 1558 4984">
     <span class='ocr_line' id='line_1_43' title="bbox 0 0 1558 4984; baseline 0 0"><span class='ocrx_word' id='word_1_323' title='bbox 0 0 1558 4984; x_wconf 95' lang='lat' dir='ltr'> </span> 
     </span>
    </p>
   </div>
  </div>
 </body>
</html>
