3092 4984
716 281 750 347 11

238 440 346 505 omnis
367 439 457 504 enim
478 459 539 524 por
558 460 594 503 se
616 438 724 504 divom
746 449 864 505 natura
884 452 1045 509 necessest

184 628 190 635 ¹
239 542 406 607 inmortali
427 565 508 608 aevo
528 564 659 607 sumina
679 565 752 608 cum
773 566 853 629 pace
874 545 1000 611 frustm

239 655 368 710 semote
386 646 429 711 ab
449 646 568 711 nostris
588 645 687 711 rebus
707 646 917 732 seiunctaque
937 647 1051 734 longe;

239 773 320 814 riam
341 750 469 836 private
490 749 600 815 dolore
621 750 718 827 omni,
740 750 868 836 privata
887 751 1022 836 periclis,

239 854 314 939 ipsa
334 854 401 918 suis
417 854 547 939 pollens
568 852 692 938 opibus,
714 853 762 918 nil
783 854 895 939 indign
915 854 1024 931 nostri,
1248 857 1313 936 650

240 978 303 1021 nec
324 956 409 1021 bene
430 955 613 1042 promeritis
635 956 761 1040 capitur
782 977 889 1040 neque
912 956 1058 1041 tangitur
1079 957 1135 1023 ira

22 1128 23 1131 ,
146 1061 216 1143 655
241 1060 295 1123 hie
316 1059 418 1145 siquis
439 1081 528 1123 mere
550 1058 746 1144 Neptunum
767 1058 983 1145 Cereremque
1005 1082 1118 1126 eccere

241 1162 412 1228 constituit
432 1162 541 1248 fruges
563 1162 737 1228 etBacchi
759 1163 891 1227 nomine
912 1163 1005 1229 abuti

241 1267 365 1331 mavolt
387 1288 486 1352 quem
507 1265 614 1331 laticis
635 1265 800 1351 proprium
822 1264 964 1349 proferre
986 1287 1148 1343 vocamen,

241 1372 454 1437 concedemus
473 1382 514 1438 ut
534 1372 589 1437 hic
609 1380 770 1436 terrerum
792 1369 921 1434 dictitet
942 1368 1053 1434 orbem
1246 1369 1308 1451 655

243 1497 312 1540 esse
334 1475 433 1541 deum
454 1485 602 1551 matrem,
625 1474 704 1559 dum
726 1494 803 1538 vei-s
823 1495 857 1536 re
880 1481 992 1537 tamen
1014 1471 1082 1558 ipse

150 1581 223 1643 680
243 1578 398 1664 religione
419 1579 566 1643 animum
587 1578 678 1663 turpi
699 1577 884 1660 contingere
905 1584 1026 1661 parcet.

151 1683 220 1763 632
243 1692 330 1746 teria
350 1682 483 1768 quidem
504 1703 581 1747 vero
602 1690 692 1746 caret
712 1680 802 1744 omni
823 1690 970 1765 tempore
991 1701 1095 1755 sensu,

243 1798 278 1852 et
298 1788 377 1872 quia
398 1787 574 1851 multarum
595 1785 721 1871 potitur
740 1782 916 1869 primordia
935 1804 1050 1859 rerum,

242 1890 348 1955 multa
368 1890 472 1955 modis
494 1889 607 1954 multis
628 1888 722 1953 effert
741 1888 778 1952 in
799 1887 926 1952 lumina
946 1886 1028 1951 solis
1245 1888 1312 1952 660

153 1996 222 2060 660
285 1994 391 2080 Saepe
411 1994 523 2078 itaque
545 2015 586 2057 ex
607 2014 673 2057 uno
694 1990 866 2056 tondentes
886 1990 1034 2076 giumine
1054 2011 1166 2075 cumpo

242 2097 406 2182 lanigerae
426 2095 566 2182 pecudes
587 2103 622 2160 et
644 2116 801 2179 equorum
822 2093 959 2158 duellica
979 2093 1083 2178 proles

242 2201 454 2286 buceriaeque
475 2220 588 2284 greges
610 2197 723 2263 eodem
744 2197 806 2261 snb
828 2197 971 2283 tegmine
993 2198 1072 2262 caeli

243 2325 284 2368 ex
306 2325 436 2389 unoque
457 2302 547 2367 sitim
568 2300 719 2365 sedantes
739 2299 875 2365 flumine
896 2300 993 2385 aquei

242 2406 391 2471 dissimili
411 2407 524 2471 vivont
545 2405 652 2491 specie
672 2404 882 2489 retinentque
902 2413 1075 2490 parentum
1244 2404 1306 2487 665

152 2515 215 2595 665
241 2522 391 2577 naturam
413 2520 447 2576 et
468 2531 573 2574 mores
594 2508 774 2595 generatim
796 2530 943 2594 quaeque
966 2507 1144 2575 imitantur.

241 2624 336 2679 tenta
357 2624 406 2679 est
427 2614 462 2678 in
483 2613 598 2700 quovis
619 2634 736 2698 genere
757 2612 877 2676 herbae
899 2610 1048 2675 materiei

240 2716 404 2781 dissimilis
425 2715 517 2793 ratio,
539 2723 634 2779 tenta
654 2725 704 2779 est
725 2713 760 2777 in
782 2711 918 2777 flumine
940 2734 1077 2798 quoque.

238 2820 316 2886 hine
338 2842 430 2907 porro
454 2818 604 2905 quamvis
626 2816 828 2881 animantem
850 2839 891 2881 ex
915 2817 1065 2881 omnibus
1090 2837 1191 2881 unam

241 2945 314 2989 ossa
335 2945 429 2988 cruor
451 2941 554 2986 venae
580 2920 665 2985 calor
686 2941 782 2984 umor
804 2918 928 2985 viscera
950 2918 1043 2983 nervi
1244 2919 1312 3001 670

151 3029 221 3111 670
241 3027 466 3106 constituunt;
487 3046 572 3111 quse
595 3033 672 3089 sent
694 3046 789 3110 porro
812 3023 970 3088 distentia
992 3023 1097 3108 longe,

242 3128 391 3193 dissimili
415 3126 558 3213 perlecta
580 3126 685 3212 figure
706 3125 946 3212 principiorum

241 3240 314 3296 tum
337 3252 432 3317 porro
456 3251 679 3315 quaecumque
702 3230 770 3315 igni
795 3230 963 3293 flammate
986 3235 1180 3303 crementur,

151 3432 1010 3499 mhmnumniioiiiymadeupoutoiessencesi.
1108 3434 1313 3485 ssecomueie

151 3514 235 3565 Isaeh.
252 3516 295 3565 lor
309 3515 457 3574 veniisset,
474 3529 504 3565 ee
521 3518 614 3566 mavolt
630 3516 738 3567 lollowe.
837 3518 885 3569 667
903 3518 986 3580 (686)ι
1002 3514 1058 3564 this
1071 3528 1154 3572 verse,
1164 3511 1250 3563 which
1260 3527 1312 3563 ves

151 3596 200 3647 ine
216 3596 270 3647 lest
285 3596 314 3646 of
328 3611 354 3660 p.
367 3597 438 3648 7301
453 3596 498 3647 the
514 3596 660 3662 archetype,
676 3597 726 3648 hee
742 3596 808 3647 been
825 3595 981 3647 transterred
996 3595 1086 3645 hither
1100 3594 1133 3658 by
1147 3593 1243 3644 Iseon:
1266 3592 1312 3647 the

152 3676 237 3727 scribe
254 3676 367 3727 omitted
382 3678 405 3728 it
423 3679 453 3745 iii
470 3679 507 3729 ite
526 3679 599 3743 place
616 3679 669 3730 and
685 3679 749 3729 then
768 3682 846 3729 wrote
863 3680 885 3729 it
902 3681 930 3730 et
944 3678 991 3730 the
1009 3678 1111 3729 bottom
1128 3677 1155 3726 ol
1172 3675 1219 3727 the
1237 3690 1310 3741 pege.

152 3761 291 3810 Pontanns
310 3761 413 3825 aouwly
430 3776 487 3812 sees
504 3761 564 3813 that
582 3761 645 3812 botli
664 3761 710 3812 the
726 3777 780 3811 vse.
797 3777 827 3811 ee
846 3762 922 3824 given
936 3761 968 3812 in
984 3776 1048 3812 mse
1067 3775 1110 3811 are
1129 3760 1310 3824 lregmeiitery.

149 3850 245 3906 pascet
260 3841 343 3893 Lech.
361 3843 403 3893 tor
415 3852 519 3907 parete
548 3860 627 3909 pereo
637 3844 699 3894 Flor
710 3845 751 3894 si.
767 3842 857 3893 Camb.
872 3846 922 3893 etc.
1021 3842 1310 3907 666-660(661-664)

152 3921 248 3973 Iliare
261 3922 420 3974 tramieired
434 3923 535 3974 hither:
553 3923 598 3974 the
609 3926 694 3988 ltaque
706 3924 734 3973 ol
748 3924 796 3973 661
811 3922 963 3985 manileetly
971 3920 1052 3970 refers
1067 3922 1095 3971 to
1110 3920 1195 3981 theim
1212 3935 1242 3970 so
1253 3920 1312 3970 that

152 4005 177 4055 il
186 4003 250 4068 they
260 4018 305 4054 are
314 4008 343 4053 to
353 4005 419 4067 keep
429 4004 500 4055 their
509 4005 590 4068 place,
602 4004 667 4056 then
680 4005 758 4069 (what
768 4019 856 4054 comes
866 4005 894 4053 to
905 4002 984 4053 much
993 4002 1040 4054 the
1052 4017 1123 4054 seme
1134 4003 1218 4067 thing)
1231 4004 1313 4054 662-

153 4086 204 4137 667
219 4086 294 4134 must
311 4084 344 4135 bs
361 4085 484 4136 enclosed
501 4087 531 4136 in
549 4086 667 4136 bracbte
684 4100 714 4136 ae
733 4100 750 4136 a
766 4085 925 4148 subsequent
944 4085 1072 4148 marginal
1089 4085 1208 4135 addition
1222 4084 1250 4134 ol
1265 4083 1313 4133 the

151 4171 252 4232 poet's:
270 4181 314 4217 see
324 4166 412 4227 abere,
424 4183 450 4232 p.
463 4168 505 4218 ai.
604 4168 654 4219 661
669 4169 783 4217 sedeam
793 4167 866 4217 Nico.
881 4167 979 4217 Bcorr.
995 4167 1036 4217 ior
1049 4169 1165 4217 sedentes.
1264 4165 1312 4215 666

151 4252 311 4313 mmm
323 4257 457 4313 perentam
476 4248 547 4299 Flor.
559 4250 592 4300 si
610 4248 670 4299 Vet.
683 4248 746 4299 1136
763 4247 860 4298 Othob.
880 4248 943 4299 1954
960 4248 1054 4299 Othob.
1070 4263 1129 4298 sm.
1147 4248 1213 4297 Mar.
1229 4244 1312 4295 Alei

152 4332 233 4384 Jiint.
244 4331 286 4382 lor
294 4334 414 4383 retiam
422 4339 539 4397 preste
645 4330 693 4381 669
709 4333 933 4396 quemvis...anem
948 4330 1043 4381 hamb.
1060 4330 1101 4380 tor
1114 4328 1315 4392 quemeumeae
