<?xml version="1.0" encoding="UTF-8"?>
<!DOCTYPE html PUBLIC "-//W3C//DTD XHTML 1.0 Transitional//EN"
    "http://www.w3.org/TR/xhtml1/DTD/xhtml1-transitional.dtd">
<html xmlns="http://www.w3.org/1999/xhtml" xml:lang="en" lang="en">
 <head>
  <title>
</title>
<meta http-equiv="Content-Type" content="text/html;charset=utf-8" />
  <meta name='ocr-system' content='tesseract 3.04.00' />
  <meta name='ocr-capabilities' content='ocr_page ocr_carea ocr_par ocr_line ocrx_word'/>
</head>
<body>
  <div class='ocr_page' id='page_1' title='image "./dererumnaturali01munrgoog_0122.png"; bbox 0 0 3092 4984; ppageno 0'>
   <div class='ocr_carea' id='block_1_1' title="bbox 684 294 1279 383">
    <p class='ocr_par' dir='ltr' id='par_1_1' title="bbox 684 294 1279 383">
     <span class='ocr_line' id='line_1_1' title="bbox 684 294 1279 383; baseline 0.013 -24"><span class='ocrx_word' id='word_1_1' title='bbox 684 294 719 359; x_wconf 91' lang='lat'>11</span> <span class='ocrx_word' id='word_1_2' title='bbox 1222 319 1279 383; x_wconf 85' lang='lat'>¹03</span> 
     </span>
    </p>
   </div>
   <div class='ocr_carea' id='block_1_2' title="bbox 201 452 1280 2500">
    <p class='ocr_par' dir='ltr' id='par_1_2' title="bbox 201 452 927 537">
     <span class='ocr_line' id='line_1_2' title="bbox 201 452 927 537; baseline 0.004 -21"><span class='ocrx_word' id='word_1_3' title='bbox 201 452 353 519; x_wconf 73' lang='lat' dir='ltr'>versibus</span> <span class='ocrx_word' id='word_1_4' title='bbox 375 452 549 517; x_wconf 84' lang='lat' dir='ltr'>ostendens</span> <span class='ocrx_word' id='word_1_5' title='bbox 571 453 759 537; x_wconf 83' lang='lat' dir='ltr'>corpuscula</span> <span class='ocrx_word' id='word_1_6' title='bbox 779 454 927 519; x_wconf 84' lang='lat' dir='ltr'>materiai</span> 
     </span>
    </p>

    <p class='ocr_par' dir='ltr' id='par_1_3' title="bbox 202 555 1280 744">
     <span class='ocr_line' id='line_1_3' title="bbox 203 555 1280 641; baseline 0.004 -21"><span class='ocrx_word' id='word_1_7' title='bbox 203 579 247 620; x_wconf 85' lang='lat' dir='ltr'>ex</span> <span class='ocrx_word' id='word_1_8' title='bbox 272 555 401 620; x_wconf 84' lang='lat' dir='ltr'>infinito</span> <span class='ocrx_word' id='word_1_9' title='bbox 426 576 591 619; x_wconf 87' lang='lat' dir='ltr'>summam</span> <span class='ocrx_word' id='word_1_10' title='bbox 614 576 723 619; x_wconf 85' lang='lat' dir='ltr'>rerum</span> <span class='ocrx_word' id='word_1_11' title='bbox 746 578 850 641; x_wconf 87' lang='lat' dir='ltr'>usque</span> <span class='ocrx_word' id='word_1_12' title='bbox 873 566 993 634; x_wconf 86' lang='lat' dir='ltr'>tenere,</span> <span class='ocrx_word' id='word_1_13' title='bbox 1216 570 1232 638; x_wconf 99' lang='grc'>5</span> <span class='ocrx_word' id='word_1_14' title='bbox 1238 577 1280 640; x_wconf 84' lang='lat'>30</span> 
     </span>
     <span class='ocr_line' id='line_1_4' title="bbox 202 657 916 744; baseline 0.007 -22"><span class='ocrx_word' id='word_1_15' title='bbox 202 658 351 744; x_wconf 89' lang='lat' dir='ltr'>undique</span> <span class='ocrx_word' id='word_1_16' title='bbox 374 659 498 744; x_wconf 86' lang='lat' dir='ltr'>protelo</span> <span class='ocrx_word' id='word_1_17' title='bbox 520 657 692 744; x_wconf 71' lang='lat' dir='ltr'>plagarum</span> <span class='ocrx_word' id='word_1_18' title='bbox 717 661 916 727; x_wconf 83' lang='lat' dir='ltr'>continuato.</span> 
     </span>
    </p>

    <p class='ocr_par' dir='ltr' id='par_1_4' title="bbox 202 762 1183 951">
     <span class='ocr_line' id='line_1_5' title="bbox 203 762 1183 851; baseline 0.003 -23"><span class='ocrx_word' id='word_1_19' title='bbox 203 785 284 827; x_wconf 81' lang='lat' dir='ltr'>nam</span> <span class='ocrx_word' id='word_1_20' title='bbox 308 763 396 849; x_wconf 89' lang='lat' dir='ltr'>qnod</span> <span class='ocrx_word' id='word_1_21' title='bbox 418 786 492 828; x_wconf 87' lang='lat' dir='ltr'>rara</span> <span class='ocrx_word' id='word_1_22' title='bbox 514 763 605 828; x_wconf 87' lang='lat' dir='ltr'>vides</span> <span class='ocrx_word' id='word_1_23' title='bbox 629 762 732 848; x_wconf 88' lang='lat' dir='ltr'>magis</span> <span class='ocrx_word' id='word_1_24' title='bbox 755 786 825 830; x_wconf 85' lang='lat' dir='ltr'>esse</span> <span class='ocrx_word' id='word_1_25' title='bbox 848 765 1003 830; x_wconf 83' lang='lat' dir='ltr'>animalia</span> <span class='ocrx_word' id='word_1_26' title='bbox 1023 767 1183 851; x_wconf 79' lang='lat' dir='ltr'>quaedam</span> 
     </span>
     <span class='ocr_line' id='line_1_6' title="bbox 202 866 1028 951; baseline 0.007 -22"><span class='ocrx_word' id='word_1_27' title='bbox 202 866 443 951; x_wconf 81' lang='lat' dir='ltr'>fecundamque</span> <span class='ocrx_word' id='word_1_28' title='bbox 466 867 575 931; x_wconf 86' lang='lat' dir='ltr'>minus</span> <span class='ocrx_word' id='word_1_29' title='bbox 599 878 750 932; x_wconf 84' lang='lat' dir='ltr'>naturam</span> <span class='ocrx_word' id='word_1_30' title='bbox 772 870 877 935; x_wconf 86' lang='lat' dir='ltr'>cernis</span> <span class='ocrx_word' id='word_1_31' title='bbox 899 870 934 934; x_wconf 91' lang='lat' dir='ltr'>in</span> <span class='ocrx_word' id='word_1_32' title='bbox 956 870 1028 947; x_wconf 84' lang='lat' dir='ltr'>illis,</span> 
     </span>
    </p>

    <p class='ocr_par' dir='ltr' id='par_1_5' title="bbox 203 970 968 1059">
     <span class='ocr_line' id='line_1_7' title="bbox 203 970 968 1059; baseline 0.01 -28"><span class='ocrx_word' id='word_1_33' title='bbox 203 978 241 1032; x_wconf 85' lang='lat' dir='ltr'>at</span> <span class='ocrx_word' id='word_1_34' title='bbox 263 970 394 1054; x_wconf 81' lang='lat' dir='ltr'>regione</span> <span class='ocrx_word' id='word_1_35' title='bbox 415 971 548 1056; x_wconf 89' lang='lat' dir='ltr'>loooque</span> <span class='ocrx_word' id='word_1_36' title='bbox 571 972 635 1035; x_wconf 87' lang='lat' dir='ltr'>alio</span> <span class='ocrx_word' id='word_1_37' title='bbox 655 973 814 1059; x_wconf 85' lang='lat' dir='ltr'>terrisque</span> <span class='ocrx_word' id='word_1_38' title='bbox 836 974 968 1039; x_wconf 84' lang='lat' dir='ltr'>remotis</span> 
     </span>
    </p>

    <p class='ocr_par' dir='ltr' id='par_1_6' title="bbox 202 1072 1269 1262">
     <span class='ocr_line' id='line_1_8' title="bbox 202 1072 1269 1164; baseline 0.009 -29"><span class='ocrx_word' id='word_1_39' title='bbox 202 1072 312 1136; x_wconf 86' lang='lat' dir='ltr'>multa</span> <span class='ocrx_word' id='word_1_40' title='bbox 332 1073 409 1138; x_wconf 86' lang='lat' dir='ltr'>lieet</span> <span class='ocrx_word' id='word_1_41' title='bbox 429 1096 547 1159; x_wconf 81' lang='lat' dir='ltr'>genere</span> <span class='ocrx_word' id='word_1_42' title='bbox 568 1098 638 1140; x_wconf 83' lang='lat' dir='ltr'>esse</span> <span class='ocrx_word' id='word_1_43' title='bbox 659 1076 694 1139; x_wconf 90' lang='lat' dir='ltr'>in</span> <span class='ocrx_word' id='word_1_44' title='bbox 716 1099 754 1141; x_wconf 87' lang='lat' dir='ltr'>eo</span> <span class='ocrx_word' id='word_1_45' title='bbox 776 1100 1013 1164; x_wconf 87' lang='lat' dir='ltr'>numerumque</span> <span class='ocrx_word' id='word_1_46' title='bbox 1036 1079 1171 1164; x_wconf 82' lang='lat' dir='ltr'>repleri3</span> <span class='ocrx_word' id='word_1_47' title='bbox 1211 1095 1227 1160; x_wconf 98' lang='grc'>5</span> <span class='ocrx_word' id='word_1_48' title='bbox 1232 1097 1249 1160; x_wconf 83' lang='lat'>3</span> <span class='ocrx_word' id='word_1_49' title='bbox 1255 1094 1269 1160; x_wconf 84' lang='lat'><strong>5</strong></span> 
     </span>
     <span class='ocr_line' id='line_1_9' title="bbox 204 1175 1039 1262; baseline 0.01 -25"><span class='ocrx_word' id='word_1_50' title='bbox 204 1175 291 1238; x_wconf 84' lang='lat' dir='ltr'>sicut</span> <span class='ocrx_word' id='word_1_51' title='bbox 312 1175 549 1261; x_wconf 84' lang='lat' dir='ltr'>quadripedum</span> <span class='ocrx_word' id='word_1_52' title='bbox 571 1199 645 1241; x_wconf 88' lang='lat' dir='ltr'>cum</span> <span class='ocrx_word' id='word_1_53' title='bbox 667 1179 779 1262; x_wconf 86' lang='lat' dir='ltr'>primis</span> <span class='ocrx_word' id='word_1_54' title='bbox 802 1202 870 1243; x_wconf 88' lang='lat' dir='ltr'>esse</span> <span class='ocrx_word' id='word_1_55' title='bbox 892 1180 1039 1245; x_wconf 84' lang='lat' dir='ltr'>videmus</span> 
     </span>
    </p>

    <p class='ocr_par' dir='ltr' id='par_1_7' title="bbox 202 1278 1111 1369">
     <span class='ocr_line' id='line_1_10' title="bbox 202 1278 1111 1369; baseline 0.007 -27"><span class='ocrx_word' id='word_1_56' title='bbox 202 1278 240 1342; x_wconf 92' lang='lat' dir='ltr'>in</span> <span class='ocrx_word' id='word_1_57' title='bbox 260 1301 380 1363; x_wconf 88' lang='lat' dir='ltr'>genere</span> <span class='ocrx_word' id='word_1_58' title='bbox 401 1281 617 1364; x_wconf 78' lang='lat' dir='ltr'>anguimanus</span> <span class='ocrx_word' id='word_1_59' title='bbox 638 1281 834 1366; x_wconf 86' lang='lat' dir='ltr'>elephantos,</span> <span class='ocrx_word' id='word_1_60' title='bbox 857 1283 953 1347; x_wconf 86' lang='lat' dir='ltr'>India</span> <span class='ocrx_word' id='word_1_61' title='bbox 973 1306 1111 1369; x_wconf 88' lang='lat' dir='ltr'>quorum</span> 
     </span>
    </p>

    <p class='ocr_par' dir='ltr' id='par_1_8' title="bbox 203 1383 940 1464">
     <span class='ocr_line' id='line_1_11' title="bbox 203 1383 940 1464; baseline 0.007 -18"><span class='ocrx_word' id='word_1_62' title='bbox 203 1383 338 1447; x_wconf 88' lang='lat' dir='ltr'>milibus</span> <span class='ocrx_word' id='word_1_63' title='bbox 360 1406 380 1448; x_wconf 91' lang='lat' dir='ltr'>e</span> <span class='ocrx_word' id='word_1_64' title='bbox 400 1384 514 1448; x_wconf 87' lang='lat' dir='ltr'>multis</span> <span class='ocrx_word' id='word_1_65' title='bbox 533 1385 620 1448; x_wconf 79' lang='lat' dir='ltr'>vallo</span> <span class='ocrx_word' id='word_1_66' title='bbox 641 1386 789 1450; x_wconf 89' lang='lat' dir='ltr'>munitur</span> <span class='ocrx_word' id='word_1_67' title='bbox 810 1387 940 1464; x_wconf 87' lang='lat' dir='ltr'>eburno,</span> 
     </span>
    </p>

    <p class='ocr_par' dir='ltr' id='par_1_9' title="bbox 203 1487 1030 1573">
     <span class='ocr_line' id='line_1_12' title="bbox 203 1487 1030 1573; baseline 0.007 -24"><span class='ocrx_word' id='word_1_68' title='bbox 203 1496 244 1550; x_wconf 86' lang='lat' dir='ltr'>ut</span> <span class='ocrx_word' id='word_1_69' title='bbox 264 1487 396 1571; x_wconf 86' lang='lat' dir='ltr'>penitus</span> <span class='ocrx_word' id='word_1_70' title='bbox 414 1496 556 1571; x_wconf 82' lang='lat' dir='ltr'>nequeat</span> <span class='ocrx_word' id='word_1_71' title='bbox 576 1489 756 1573; x_wconf 80' lang='lat' dir='ltr'>penetrari:</span> <span class='ocrx_word' id='word_1_72' title='bbox 778 1499 872 1554; x_wconf 84' lang='lat' dir='ltr'>tanta</span> <span class='ocrx_word' id='word_1_73' title='bbox 891 1490 1030 1555; x_wconf 85' lang='lat' dir='ltr'>feramm</span> 
     </span>
    </p>

    <p class='ocr_par' dir='ltr' id='par_1_10' title="bbox 202 1589 1274 1885">
     <span class='ocr_line' id='line_1_13' title="bbox 202 1589 1274 1679; baseline 0.007 -27"><span class='ocrx_word' id='word_1_74' title='bbox 202 1589 253 1652; x_wconf 84' lang='lat' dir='ltr'>vis</span> <span class='ocrx_word' id='word_1_75' title='bbox 274 1600 332 1666; x_wconf 76' lang='lat' dir='ltr'>est</span> <span class='ocrx_word' id='word_1_76' title='bbox 355 1612 494 1675; x_wconf 84' lang='lat' dir='ltr'>quarum</span> <span class='ocrx_word' id='word_1_77' title='bbox 515 1612 574 1654; x_wconf 85' lang='lat' dir='ltr'>nos</span> <span class='ocrx_word' id='word_1_78' title='bbox 595 1613 755 1677; x_wconf 84' lang='lat' dir='ltr'>perpauca</span> <span class='ocrx_word' id='word_1_79' title='bbox 776 1594 923 1679; x_wconf 86' lang='lat' dir='ltr'>exempla</span> <span class='ocrx_word' id='word_1_80' title='bbox 944 1594 1097 1659; x_wconf 81' lang='lat' dir='ltr'>videmus</span> <span class='ocrx_word' id='word_1_81' title='bbox 1210 1608 1274 1674; x_wconf 82' lang='lat'>540</span> 
     </span>
     <span class='ocr_line' id='line_1_14' title="bbox 204 1692 1179 1782; baseline 0.007 -25"><span class='ocrx_word' id='word_1_82' title='bbox 204 1692 261 1756; x_wconf 88' lang='lat' dir='ltr'>sed</span> <span class='ocrx_word' id='word_1_83' title='bbox 284 1702 395 1758; x_wconf 81' lang='lat' dir='ltr'>tamen</span> <span class='ocrx_word' id='word_1_84' title='bbox 417 1693 451 1757; x_wconf 92' lang='lat' dir='ltr'>id</span> <span class='ocrx_word' id='word_1_85' title='bbox 473 1716 603 1779; x_wconf 91' lang='lat' dir='ltr'>quoque</span> <span class='ocrx_word' id='word_1_86' title='bbox 625 1695 675 1759; x_wconf 94' lang='lat' dir='ltr'>uti</span> <span class='ocrx_word' id='word_1_87' title='bbox 697 1695 876 1773; x_wconf 80' lang='lat' dir='ltr'>concedam,</span> <span class='ocrx_word' id='word_1_88' title='bbox 898 1698 1089 1782; x_wconf 75' lang='lat' dir='ltr'>quemlubet</span> <span class='ocrx_word' id='word_1_89' title='bbox 1110 1708 1179 1763; x_wconf 87' lang='lat' dir='ltr'>esto</span> 
     </span>
     <span class='ocr_line' id='line_1_15' title="bbox 203 1797 930 1885; baseline 0.006 -24"><span class='ocrx_word' id='word_1_90' title='bbox 203 1797 301 1861; x_wconf 79' lang='lat' dir='ltr'>unies</span> <span class='ocrx_word' id='word_1_91' title='bbox 321 1821 373 1863; x_wconf 88' lang='lat' dir='ltr'>res</span> <span class='ocrx_word' id='word_1_92' title='bbox 394 1799 555 1884; x_wconf 82' lang='lat' dir='ltr'>quaedam</span> <span class='ocrx_word' id='word_1_93' title='bbox 576 1799 687 1864; x_wconf 86' lang='lat' dir='ltr'>nativo</span> <span class='ocrx_word' id='word_1_94' title='bbox 708 1821 836 1885; x_wconf 81' lang='lat' dir='ltr'>eprpore</span> <span class='ocrx_word' id='word_1_95' title='bbox 858 1801 930 1877; x_wconf 67' lang='lat' dir='ltr'>sola,</span> 
     </span>
    </p>

    <p class='ocr_par' dir='ltr' id='par_1_11' title="bbox 203 1901 949 1984">
     <span class='ocr_line' id='line_1_16' title="bbox 203 1901 949 1984; baseline 0.004 -20"><span class='ocrx_word' id='word_1_96' title='bbox 203 1901 256 1964; x_wconf 85' lang='lat' dir='ltr'>cui</span> <span class='ocrx_word' id='word_1_97' title='bbox 277 1901 394 1965; x_wconf 85' lang='lat' dir='ltr'>similis</span> <span class='ocrx_word' id='word_1_98' title='bbox 415 1910 486 1966; x_wconf 81' lang='lat' dir='ltr'>toto</span> <span class='ocrx_word' id='word_1_99' title='bbox 506 1910 667 1966; x_wconf 85' lang='lat' dir='ltr'>terrarum</span> <span class='ocrx_word' id='word_1_100' title='bbox 687 1902 778 1967; x_wconf 76' lang='lat' dir='ltr'>nulla</span> <span class='ocrx_word' id='word_1_101' title='bbox 799 1902 842 1966; x_wconf 84' lang='lat' dir='ltr'>sit</span> <span class='ocrx_word' id='word_1_102' title='bbox 863 1904 949 1984; x_wconf 92' lang='lat' dir='ltr'>orbi;</span> 
     </span>
    </p>

    <p class='ocr_par' dir='ltr' id='par_1_12' title="bbox 203 2004 873 2069">
     <span class='ocr_line' id='line_1_17' title="bbox 203 2004 873 2069; baseline 0.001 -1"><span class='ocrx_word' id='word_1_103' title='bbox 203 2004 335 2068; x_wconf 77' lang='lat' dir='ltr'>infinita</span> <span class='ocrx_word' id='word_1_104' title='bbox 354 2013 467 2068; x_wconf 88' lang='lat' dir='ltr'>tamen</span> <span class='ocrx_word' id='word_1_105' title='bbox 489 2004 552 2068; x_wconf 88' lang='lat' dir='ltr'>nisi</span> <span class='ocrx_word' id='word_1_106' title='bbox 575 2004 637 2068; x_wconf 88' lang='lat' dir='ltr'>en&#39;t</span> <span class='ocrx_word' id='word_1_107' title='bbox 658 2005 707 2069; x_wconf 87' lang='lat' dir='ltr'>vis</span> <span class='ocrx_word' id='word_1_108' title='bbox 727 2004 873 2069; x_wconf 87' lang='lat' dir='ltr'>materiai</span> 
     </span>
    </p>

    <p class='ocr_par' dir='ltr' id='par_1_13' title="bbox 202 2107 1269 2500">
     <span class='ocr_line' id='line_1_18' title="bbox 203 2107 1269 2194; baseline 0.003 -23"><span class='ocrx_word' id='word_1_109' title='bbox 203 2107 290 2172; x_wconf 88' lang='lat' dir='ltr'>unde</span> <span class='ocrx_word' id='word_1_110' title='bbox 313 2130 354 2171; x_wconf 82' lang='lat' dir='ltr'>ea</span> <span class='ocrx_word' id='word_1_111' title='bbox 373 2107 521 2194; x_wconf 82' lang='lat' dir='ltr'>progigni</span> <span class='ocrx_word' id='word_1_112' title='bbox 543 2108 644 2193; x_wconf 84' lang='lat' dir='ltr'>possit</span> <span class='ocrx_word' id='word_1_113' title='bbox 665 2119 825 2193; x_wconf 72' lang='lat' dir='ltr'>oonoepta</span> <span class='ocrx_word' id='word_1_114' title='bbox 848 2108 945 2172; x_wconf 79' lang='lat' dir='ltr'>creari</span> <span class='ocrx_word' id='word_1_115' title='bbox 1209 2124 1269 2190; x_wconf 84' lang='grc'>545</span> 
     </span>
     <span class='ocr_line' id='line_1_19' title="bbox 203 2210 1198 2296; baseline 0.003 -23"><span class='ocrx_word' id='word_1_116' title='bbox 203 2232 269 2274; x_wconf 88' lang='grc' dir='ltr'>ηοη</span> <span class='ocrx_word' id='word_1_117' title='bbox 290 2211 419 2295; x_wconf 74' lang='lat' dir='ltr'>poterit</span> <span class='ocrx_word' id='word_1_118' title='bbox 442 2233 556 2296; x_wconf 87' lang='lat' dir='ltr'>neque,</span> <span class='ocrx_word' id='word_1_119' title='bbox 579 2210 665 2296; x_wconf 93' lang='lat' dir='ltr'>quod</span> <span class='ocrx_word' id='word_1_120' title='bbox 686 2219 838 2296; x_wconf 71' lang='lat' dir='ltr'>superest</span> <span class='ocrx_word' id='word_1_121' title='bbox 859 2233 1055 2295; x_wconf 75' lang='lat' dir='ltr'>procrescere</span> <span class='ocrx_word' id='word_1_122' title='bbox 1077 2211 1198 2296; x_wconf 86' lang='lat' dir='ltr'>alique.</span> 
     </span>
     <span class='ocr_line' id='line_1_20' title="bbox 203 2300 1235 2398; baseline 0.003 -23"><span class='ocrx_word' id='word_1_123' title='bbox 203 2312 325 2397; x_wconf 89' lang='lat' dir='ltr'>quippe</span> <span class='ocrx_word' id='word_1_124' title='bbox 347 2300 470 2376; x_wconf 83' lang='lat' dir='ltr'>etenim</span> <span class='ocrx_word' id='word_1_125' title='bbox 491 2334 619 2376; x_wconf 86' lang='lat' dir='ltr'>sumam</span> <span class='ocrx_word' id='word_1_126' title='bbox 641 2313 701 2376; x_wconf 90' lang='lat' dir='ltr'>hoc</span> <span class='ocrx_word' id='word_1_127' title='bbox 722 2334 849 2398; x_wconf 83' lang='lat' dir='ltr'>quoque</span> <span class='ocrx_word' id='word_1_128' title='bbox 871 2312 920 2377; x_wconf 90' lang='lat' dir='ltr'>uti</span> <span class='ocrx_word' id='word_1_129' title='bbox 942 2313 1037 2378; x_wconf 84' lang='lat' dir='ltr'>finita</span> <span class='ocrx_word' id='word_1_130' title='bbox 1057 2336 1117 2398; x_wconf 90' lang='lat' dir='ltr'>per</span> <span class='ocrx_word' id='word_1_131' title='bbox 1138 2335 1235 2378; x_wconf 90' lang='lat' dir='ltr'>omne</span> 
     </span>
     <span class='ocr_line' id='line_1_21' title="bbox 202 2414 836 2500; baseline 0 -22"><span class='ocrx_word' id='word_1_132' title='bbox 202 2438 334 2500; x_wconf 85' lang='lat' dir='ltr'>corpora</span> <span class='ocrx_word' id='word_1_133' title='bbox 356 2416 468 2479; x_wconf 76' lang='lat' dir='ltr'>iactari</span> <span class='ocrx_word' id='word_1_134' title='bbox 488 2416 586 2479; x_wconf 87' lang='lat' dir='ltr'>unius</span> <span class='ocrx_word' id='word_1_135' title='bbox 607 2415 762 2500; x_wconf 78' lang='lat' dir='ltr'>genitalia</span> <span class='ocrx_word' id='word_1_136' title='bbox 782 2414 836 2491; x_wconf 88' lang='lat' dir='ltr'>rei,</span> 
     </span>
    </p>
   </div>
   <div class='ocr_carea' id='block_1_3' title="bbox 200 2518 1271 3120">
    <p class='ocr_par' dir='ltr' id='par_1_14' title="bbox 201 2518 1271 2808">
     <span class='ocr_line' id='line_1_22' title="bbox 201 2518 1110 2605; baseline 0 -23"><span class='ocrx_word' id='word_1_137' title='bbox 201 2519 291 2583; x_wconf 89' lang='lat' dir='ltr'>unde</span> <span class='ocrx_word' id='word_1_138' title='bbox 312 2519 370 2582; x_wconf 92' lang='lat' dir='ltr'>ubi</span> <span class='ocrx_word' id='word_1_139' title='bbox 391 2541 457 2605; x_wconf 91' lang='lat' dir='ltr'>qua</span> <span class='ocrx_word' id='word_1_140' title='bbox 478 2520 511 2583; x_wconf 90' lang='lat' dir='ltr'>vi</span> <span class='ocrx_word' id='word_1_141' title='bbox 533 2529 568 2584; x_wconf 87' lang='lat' dir='ltr'>et</span> <span class='ocrx_word' id='word_1_142' title='bbox 589 2541 653 2604; x_wconf 93' lang='lat' dir='ltr'>quo</span> <span class='ocrx_word' id='word_1_143' title='bbox 674 2527 768 2604; x_wconf 79' lang='lat' dir='ltr'>paeto</span> <span class='ocrx_word' id='word_1_144' title='bbox 790 2540 956 2603; x_wconf 81' lang='lat' dir='ltr'>congressa</span> <span class='ocrx_word' id='word_1_145' title='bbox 976 2518 1110 2583; x_wconf 86' lang='lat' dir='ltr'>ooibunt</span> 
     </span>
     <span class='ocr_line' id='line_1_23' title="bbox 201 2620 1271 2707; baseline 0.002 -22"><span class='ocrx_word' id='word_1_146' title='bbox 201 2621 359 2686; x_wconf 84' lang='lat' dir='ltr'>materiae</span> <span class='ocrx_word' id='word_1_147' title='bbox 381 2630 473 2686; x_wconf 85' lang='lat' dir='ltr'>tanto</span> <span class='ocrx_word' id='word_1_148' title='bbox 495 2622 529 2685; x_wconf 94' lang='lat' dir='ltr'>in</span> <span class='ocrx_word' id='word_1_149' title='bbox 552 2621 665 2707; x_wconf 82' lang='lat' dir='ltr'>pelago</span> <span class='ocrx_word' id='word_1_150' title='bbox 687 2621 846 2706; x_wconf 87' lang='lat' dir='ltr'>turboque</span> <span class='ocrx_word' id='word_1_151' title='bbox 868 2620 994 2685; x_wconf 69' lang='lat' dir='ltr'>aliena?</span> <span class='ocrx_word' id='word_1_152' title='bbox 1207 2635 1271 2703; x_wconf 88' lang='grc'>550</span> 
     </span>
     <span class='ocr_line' id='line_1_24' title="bbox 201 2723 1033 2808; baseline 0.004 -22"><span class='ocrx_word' id='word_1_153' title='bbox 201 2745 275 2797; x_wconf 87' lang='grc' dir='ltr'>ηοη,</span> <span class='ocrx_word' id='word_1_154' title='bbox 299 2732 339 2786; x_wconf 90' lang='lat' dir='ltr'>ut</span> <span class='ocrx_word' id='word_1_155' title='bbox 360 2723 478 2808; x_wconf 88' lang='lat' dir='ltr'>opinor,</span> <span class='ocrx_word' id='word_1_156' title='bbox 500 2724 624 2788; x_wconf 87' lang='lat' dir='ltr'>habent</span> <span class='ocrx_word' id='word_1_157' title='bbox 643 2724 803 2788; x_wconf 85' lang='lat' dir='ltr'>rationem</span> <span class='ocrx_word' id='word_1_158' title='bbox 824 2724 1033 2805; x_wconf 82' lang='lat' dir='ltr'>conciliandi3</span> 
     </span>
    </p>

    <p class='ocr_par' dir='ltr' id='par_1_15' title="bbox 200 2826 1053 2912">
     <span class='ocr_line' id='line_1_25' title="bbox 200 2826 1053 2912; baseline 0.005 -23"><span class='ocrx_word' id='word_1_159' title='bbox 200 2826 258 2889; x_wconf 84' lang='lat' dir='ltr'>sed</span> <span class='ocrx_word' id='word_1_160' title='bbox 280 2826 374 2911; x_wconf 81' lang='lat' dir='ltr'>quasi</span> <span class='ocrx_word' id='word_1_161' title='bbox 395 2826 570 2911; x_wconf 78' lang='lat' dir='ltr'>nauh-agiis</span> <span class='ocrx_word' id='word_1_162' title='bbox 591 2827 717 2912; x_wconf 85' lang='lat' dir='ltr'>magnis</span> <span class='ocrx_word' id='word_1_163' title='bbox 738 2826 915 2912; x_wconf 88' lang='lat' dir='ltr'>multisque</span> <span class='ocrx_word' id='word_1_164' title='bbox 937 2830 1053 2893; x_wconf 86' lang='lat' dir='ltr'>coortis</span> 
     </span>
    </p>

    <p class='ocr_par' dir='ltr' id='par_1_16' title="bbox 200 2928 1089 3120">
     <span class='ocr_line' id='line_1_26' title="bbox 200 2928 1089 3016; baseline 0.002 -23"><span class='ocrx_word' id='word_1_165' title='bbox 200 2928 371 2994; x_wconf 81' lang='lat' dir='ltr'>disiectare</span> <span class='ocrx_word' id='word_1_166' title='bbox 392 2930 473 2995; x_wconf 86' lang='lat' dir='ltr'>solet</span> <span class='ocrx_word' id='word_1_167' title='bbox 494 2952 649 3015; x_wconf 89' lang='lat' dir='ltr'>magnum</span> <span class='ocrx_word' id='word_1_168' title='bbox 671 2953 759 2995; x_wconf 85' lang='lat' dir='ltr'>mare</span> <span class='ocrx_word' id='word_1_169' title='bbox 781 2941 923 2995; x_wconf 88' lang='lat' dir='ltr'>transtra</span> <span class='ocrx_word' id='word_1_170' title='bbox 943 2933 1089 3016; x_wconf 86' lang='lat' dir='ltr'>guberna</span> 
     </span>
     <span class='ocr_line' id='line_1_27' title="bbox 200 3034 1006 3120; baseline 0.001 -23"><span class='ocrx_word' id='word_1_171' title='bbox 200 3044 373 3098; x_wconf 83' lang='lat' dir='ltr'>antemnas</span> <span class='ocrx_word' id='word_1_172' title='bbox 393 3055 521 3119; x_wconf 80' lang='lat' dir='ltr'>proram</span> <span class='ocrx_word' id='word_1_173' title='bbox 543 3034 643 3098; x_wconf 85' lang='lat' dir='ltr'>malos</span> <span class='ocrx_word' id='word_1_174' title='bbox 665 3043 838 3120; x_wconf 81' lang='lat' dir='ltr'>tonsasque</span> <span class='ocrx_word' id='word_1_175' title='bbox 861 3034 1006 3098; x_wconf 86' lang='lat' dir='ltr'>natantis</span> 
     </span>
    </p>
   </div>
   <div class='ocr_carea' id='block_1_4' title="bbox 7 3273 1270 3355">
    <p class='ocr_par' dir='ltr' id='par_1_17' title="bbox 7 3273 1270 3355">
     <span class='ocr_line' id='line_1_28' title="bbox 7 3273 1270 3355; baseline 0.002 -17"><span class='ocrx_word' id='word_1_176' title='bbox 7 3273 8 3294; x_wconf 67' lang='lat'>¹</span> <span class='ocrx_word' id='word_1_177' title='bbox 112 3287 500 3354; x_wconf 72' lang='lat' dir='ltr'>tnmmmffieulryvmishss.</span> <span class='ocrx_word' id='word_1_178' title='bbox 597 3294 646 3343; x_wconf 77' lang='lat' dir='ltr'>saa</span> <span class='ocrx_word' id='word_1_179' title='bbox 662 3295 744 3343; x_wconf 60' lang='lat' dir='ltr'>mimo</span> <span class='ocrx_word' id='word_1_180' title='bbox 754 3292 848 3342; x_wconf 71' lang='lat' dir='ltr'>namo.</span> <span class='ocrx_word' id='word_1_181' title='bbox 860 3294 929 3342; x_wconf 78' lang='lat' dir='ltr'>most</span> <span class='ocrx_word' id='word_1_182' title='bbox 940 3290 1036 3355; x_wconf 75' lang='lat' dir='ltr'>rightly</span> <span class='ocrx_word' id='word_1_183' title='bbox 1046 3291 1086 3341; x_wconf 80' lang='lat' dir='ltr'>ror</span> <span class='ocrx_word' id='word_1_184' title='bbox 1095 3294 1176 3355; x_wconf 53' lang='lat' dir='ltr'>noro</span> <span class='ocrx_word' id='word_1_185' title='bbox 1187 3292 1270 3341; x_wconf 76' lang='lat' dir='ltr'>which</span> 
     </span>
    </p>
   </div>
   <div class='ocr_carea' id='block_1_5' title="bbox 106 3370 1271 4415">
    <p class='ocr_par' dir='ltr' id='par_1_18' title="bbox 106 3370 1271 4415">
     <span class='ocr_line' id='line_1_29' title="bbox 113 3370 1270 3438; baseline 0.004 -18"><span class='ocrx_word' id='word_1_186' title='bbox 113 3370 188 3420; x_wconf 61' lang='grc' dir='ltr'><strong>Μ</strong></span> <span class='ocrx_word' id='word_1_187' title='bbox 200 3372 323 3436; x_wconf 77' lang='lat' dir='ltr'>shsnrdly</span> <span class='ocrx_word' id='word_1_188' title='bbox 333 3373 396 3422; x_wconf 78' lang='lat' dir='ltr'>tries</span> <span class='ocrx_word' id='word_1_189' title='bbox 407 3376 434 3423; x_wconf 76' lang='lat' dir='ltr'>to</span> <span class='ocrx_word' id='word_1_190' title='bbox 444 3373 558 3437; x_wconf 81' lang='lat' dir='ltr'>explain.</span> <span class='ocrx_word' id='word_1_191' title='bbox 648 3377 696 3427; x_wconf 80' lang='grc'>535</span> <span class='ocrx_word' id='word_1_192' title='bbox 712 3392 799 3438; x_wconf 74' lang='lat' dir='ltr'>penore</span> <span class='ocrx_word' id='word_1_193' title='bbox 809 3377 890 3426; x_wconf 73' lang='lat' dir='ltr'>Man?</span> <span class='ocrx_word' id='word_1_194' title='bbox 902 3378 976 3426; x_wconf 77' lang='lat' dir='ltr'>Junt.</span> <span class='ocrx_word' id='word_1_195' title='bbox 988 3376 1029 3425; x_wconf 83' lang='lat' dir='ltr'>lor</span> <span class='ocrx_word' id='word_1_196' title='bbox 1038 3391 1139 3437; x_wconf 73' lang='lat' dir='ltr'>persero.</span> <span class='ocrx_word' id='word_1_197' title='bbox 1221 3377 1270 3425; x_wconf 80' lang='grc'>536</span> 
     </span>
     <span class='ocr_line' id='line_1_30' title="bbox 115 3453 1270 3507; baseline 0.004 -7"><span class='ocrx_word' id='word_1_198' title='bbox 115 3453 187 3501; x_wconf 71' lang='lat' dir='ltr'>Sicut</span> <span class='ocrx_word' id='word_1_199' title='bbox 203 3454 292 3503; x_wconf 84' lang='lat' dir='ltr'>BentL</span> <span class='ocrx_word' id='word_1_200' title='bbox 309 3455 350 3504; x_wconf 83' lang='lat' dir='ltr'>lor</span> <span class='ocrx_word' id='word_1_201' title='bbox 364 3456 462 3506; x_wconf 74' lang='lat' dir='ltr'>Sicuti:</span> <span class='ocrx_word' id='word_1_202' title='bbox 480 3471 515 3506; x_wconf 89' lang='lat'>111</span> <span class='ocrx_word' id='word_1_203' title='bbox 529 3457 579 3507; x_wconf 78' lang='lat' dir='ltr'>elo</span> <span class='ocrx_word' id='word_1_204' title='bbox 592 3470 657 3506; x_wconf 84' lang='lat' dir='ltr'>mss.</span> <span class='ocrx_word' id='word_1_205' title='bbox 670 3456 738 3507; x_wconf 81' lang='lat' dir='ltr'>have</span> <span class='ocrx_word' id='word_1_206' title='bbox 754 3456 800 3506; x_wconf 80' lang='lat' dir='ltr'>the</span> <span class='ocrx_word' id='word_1_207' title='bbox 816 3472 887 3507; x_wconf 82' lang='lat' dir='ltr'>same</span> <span class='ocrx_word' id='word_1_208' title='bbox 902 3472 980 3507; x_wconf 84' lang='lat' dir='ltr'>error.</span> <span class='ocrx_word' id='word_1_209' title='bbox 1013 3455 1191 3506; x_wconf 75' lang='lat' dir='ltr'>Lachmann&#39;s</span> <span class='ocrx_word' id='word_1_210' title='bbox 1208 3458 1270 3505; x_wconf 87' lang='lat' dir='ltr'>note</span> 
     </span>
     <span class='ocr_line' id='line_1_31' title="bbox 113 3533 1271 3601; baseline 0 -17"><span class='ocrx_word' id='word_1_211' title='bbox 113 3533 198 3584; x_wconf 68' lang='lat' dir='ltr'>show</span> <span class='ocrx_word' id='word_1_212' title='bbox 213 3535 258 3586; x_wconf 79' lang='lat' dir='ltr'>the</span> <span class='ocrx_word' id='word_1_213' title='bbox 274 3539 378 3600; x_wconf 61' lang='lat' dir='ltr'>wanga</span> <span class='ocrx_word' id='word_1_214' title='bbox 390 3537 519 3601; x_wconf 80' lang='lat' dir='ltr'>tondemy</span> <span class='ocrx_word' id='word_1_215' title='bbox 529 3537 557 3587; x_wconf 85' lang='lat' dir='ltr'>ol</span> <span class='ocrx_word' id='word_1_216' title='bbox 571 3552 635 3587; x_wconf 88' lang='lat' dir='ltr'>mss.</span> <span class='ocrx_word' id='word_1_217' title='bbox 652 3540 681 3587; x_wconf 80' lang='lat' dir='ltr'>to</span> <span class='ocrx_word' id='word_1_218' title='bbox 697 3536 758 3588; x_wconf 85' lang='lat' dir='ltr'>read</span> <span class='ocrx_word' id='word_1_219' title='bbox 770 3540 847 3587; x_wconf 78' lang='lat' dir='ltr'>sicuti</span> <span class='ocrx_word' id='word_1_220' title='bbox 861 3538 901 3587; x_wconf 84' lang='lat' dir='ltr'>lor</span> <span class='ocrx_word' id='word_1_221' title='bbox 913 3540 987 3595; x_wconf 59' lang='lat' dir='ltr'>nera,</span> <span class='ocrx_word' id='word_1_222' title='bbox 1003 3551 1032 3587; x_wconf 88' lang='lat' dir='ltr'>as</span> <span class='ocrx_word' id='word_1_223' title='bbox 1047 3536 1128 3586; x_wconf 80' lang='lat' dir='ltr'>abore</span> <span class='ocrx_word' id='word_1_224' title='bbox 1141 3538 1220 3585; x_wconf 77' lang='lat' dir='ltr'>veluti</span> <span class='ocrx_word' id='word_1_225' title='bbox 1231 3536 1271 3585; x_wconf 81' lang='lat' dir='ltr'>lor</span> 
     </span>
     <span class='ocr_line' id='line_1_32' title="bbox 112 3616 1268 3681; baseline 0.003 -19"><span class='ocrx_word' id='word_1_226' title='bbox 112 3617 195 3663; x_wconf 71' lang='lat' dir='ltr'>aelst:</span> <span class='ocrx_word' id='word_1_227' title='bbox 210 3616 239 3665; x_wconf 88' lang='lat' dir='ltr'>in</span> <span class='ocrx_word' id='word_1_228' title='bbox 257 3616 303 3668; x_wconf 78' lang='lat' dir='ltr'>llio</span> <span class='ocrx_word' id='word_1_229' title='bbox 318 3633 428 3681; x_wconf 77' lang='lat' dir='ltr'>passage</span> <span class='ocrx_word' id='word_1_230' title='bbox 448 3618 483 3668; x_wconf 89' lang='lat' dir='ltr'>he</span> <span class='ocrx_word' id='word_1_231' title='bbox 502 3621 593 3681; x_wconf 81' lang='lat' dir='ltr'>quotes</span> <span class='ocrx_word' id='word_1_232' title='bbox 610 3620 677 3668; x_wconf 83' lang='lat' dir='ltr'>lrom</span> <span class='ocrx_word' id='word_1_233' title='bbox 693 3619 803 3668; x_wconf 85' lang='lat' dir='ltr'>Plautus</span> <span class='ocrx_word' id='word_1_234' title='bbox 822 3618 879 3667; x_wconf 84' lang='lat' dir='ltr'>mil.</span> <span class='ocrx_word' id='word_1_235' title='bbox 889 3620 945 3678; x_wconf 77' lang='lat'><strong>727,</strong></span> <span class='ocrx_word' id='word_1_236' title='bbox 962 3618 985 3667; x_wconf 80' lang='lat' dir='ltr'>it</span> <span class='ocrx_word' id='word_1_237' title='bbox 1002 3631 1060 3666; x_wconf 77' lang='lat' dir='ltr'>nou</span> <span class='ocrx_word' id='word_1_238' title='bbox 1076 3631 1184 3680; x_wconf 76' lang='lat' dir='ltr'>appears</span> <span class='ocrx_word' id='word_1_239' title='bbox 1201 3616 1268 3666; x_wconf 74' lang='lat' dir='ltr'>from</span> 
     </span>
     <span class='ocr_line' id='line_1_33' title="bbox 112 3693 1268 3762; baseline 0.003 -16"><span class='ocrx_word' id='word_1_240' title='bbox 112 3693 215 3745; x_wconf 59' lang='lat' dir='ltr'>Riwelrl</span> <span class='ocrx_word' id='word_1_241' title='bbox 228 3696 287 3747; x_wconf 68' lang='lat' dir='ltr'>thar</span> <span class='ocrx_word' id='word_1_242' title='bbox 301 3697 348 3748; x_wconf 82' lang='lat' dir='ltr'>the</span> <span class='ocrx_word' id='word_1_243' title='bbox 359 3699 516 3748; x_wconf 79' lang='lat' dir='ltr'>Ambrosian</span> <span class='ocrx_word' id='word_1_244' title='bbox 529 3699 682 3761; x_wconf 82' lang='lat' dir='ltr'>palimpsost</span> <span class='ocrx_word' id='word_1_245' title='bbox 695 3698 745 3748; x_wconf 82' lang='lat' dir='ltr'>hus</span> <span class='ocrx_word' id='word_1_246' title='bbox 760 3698 858 3762; x_wconf 81' lang='lat' dir='ltr'>rightly</span> <span class='ocrx_word' id='word_1_247' title='bbox 868 3702 946 3748; x_wconf 70' lang='lat' dir='ltr'>simas:</span> <span class='ocrx_word' id='word_1_248' title='bbox 964 3698 1018 3747; x_wconf 72' lang='lat' dir='ltr'>cte.</span> <span class='ocrx_word' id='word_1_249' title='bbox 1034 3698 1105 3747; x_wconf 78' lang='lat' dir='ltr'>Anat.</span> <span class='ocrx_word' id='word_1_250' title='bbox 1118 3699 1165 3748; x_wconf 86' lang='grc'>131</span> <span class='ocrx_word' id='word_1_251' title='bbox 1177 3713 1213 3747; x_wconf 92' lang='grc' dir='ltr'>οη</span> <span class='ocrx_word' id='word_1_252' title='bbox 1222 3698 1268 3750; x_wconf 83' lang='lat' dir='ltr'>the</span> 
     </span>
     <span class='ocr_line' id='line_1_34' title="bbox 112 3774 1268 3843; baseline 0.004 -17"><span class='ocrx_word' id='word_1_253' title='bbox 112 3774 189 3825; x_wconf 58' lang='grc' dir='ltr'>ὼ</span> <span class='ocrx_word' id='word_1_254' title='bbox 197 3775 268 3827; x_wconf 73' lang='lat' dir='ltr'>hand</span> <span class='ocrx_word' id='word_1_255' title='bbox 279 3779 360 3828; x_wconf 83' lang='lat' dir='ltr'>Orelli</span> <span class='ocrx_word' id='word_1_256' title='bbox 369 3777 446 3828; x_wconf 82' lang='lat' dir='ltr'>reads</span> <span class='ocrx_word' id='word_1_257' title='bbox 457 3780 541 3829; x_wconf 66' lang='lat' dir='ltr'>Sicuti</span> <span class='ocrx_word' id='word_1_258' title='bbox 551 3795 607 3829; x_wconf 80' lang='lat' dir='ltr'>cum</span> <span class='ocrx_word' id='word_1_259' title='bbox 617 3787 737 3843; x_wconf 80' lang='lat' dir='ltr'>coeptaot:</span> <span class='ocrx_word' id='word_1_260' title='bbox 755 3779 810 3830; x_wconf 76' lang='lat' dir='ltr'>(lio.</span> <span class='ocrx_word' id='word_1_261' title='bbox 822 3779 854 3829; x_wconf 89' lang='lat' dir='ltr'>de</span> <span class='ocrx_word' id='word_1_262' title='bbox 865 3782 961 3829; x_wconf 77' lang='lat' dir='ltr'>soneet.</span> <span class='ocrx_word' id='word_1_263' title='bbox 974 3779 1014 3838; x_wconf 82' lang='lat'>14,</span> <span class='ocrx_word' id='word_1_264' title='bbox 1025 3778 1124 3842; x_wconf 77' lang='lat' dir='ltr'>though</span> <span class='ocrx_word' id='word_1_265' title='bbox 1134 3780 1179 3830; x_wconf 84' lang='lat' dir='ltr'>tho</span> <span class='ocrx_word' id='word_1_266' title='bbox 1190 3781 1268 3831; x_wconf 81' lang='lat' dir='ltr'>latest</span> 
     </span>
     <span class='ocr_line' id='line_1_35' title="bbox 112 3857 1266 3925; baseline 0.003 -17"><span class='ocrx_word' id='word_1_267' title='bbox 112 3857 211 3908; x_wconf 76' lang='lat' dir='ltr'>editors</span> <span class='ocrx_word' id='word_1_268' title='bbox 226 3860 287 3911; x_wconf 74' lang='lat' dir='ltr'>read</span> <span class='ocrx_word' id='word_1_269' title='bbox 304 3860 351 3910; x_wconf 79' lang='lat' dir='ltr'>the</span> <span class='ocrx_word' id='word_1_270' title='bbox 369 3876 444 3912; x_wconf 80' lang='lat' dir='ltr'>serso</span> <span class='ocrx_word' id='word_1_271' title='bbox 460 3862 488 3911; x_wconf 85' lang='lat' dir='ltr'>ol</span> <span class='ocrx_word' id='word_1_272' title='bbox 505 3862 609 3911; x_wconf 82' lang='lat' dir='ltr'>Ennius</span> <span class='ocrx_word' id='word_1_273' title='bbox 620 3864 665 3912; x_wconf 83' lang='lat' dir='ltr'>Sic</span> <span class='ocrx_word' id='word_1_274' title='bbox 680 3869 710 3911; x_wconf 77' lang='lat' dir='ltr'>at</span> <span class='ocrx_word' id='word_1_275' title='bbox 725 3863 803 3925; x_wconf 75' lang='lat' dir='ltr'>sortia</span> <span class='ocrx_word' id='word_1_276' title='bbox 825 3877 910 3925; x_wconf 77' lang='lat' dir='ltr'>equas,</span> <span class='ocrx_word' id='word_1_277' title='bbox 929 3862 945 3911; x_wconf 83' lang='lat'><strong>5</strong></span> <span class='ocrx_word' id='word_1_278' title='bbox 962 3860 991 3910; x_wconf 86' lang='lat' dir='ltr'>ol</span> <span class='ocrx_word' id='word_1_279' title='bbox 1008 3859 1077 3910; x_wconf 82' lang='lat' dir='ltr'>their</span> <span class='ocrx_word' id='word_1_280' title='bbox 1091 3861 1107 3911; x_wconf 83' lang='lat'>6</span> <span class='ocrx_word' id='word_1_281' title='bbox 1121 3876 1183 3910; x_wconf 87' lang='lat' dir='ltr'>mss.</span> <span class='ocrx_word' id='word_1_282' title='bbox 1199 3861 1266 3912; x_wconf 81' lang='lat' dir='ltr'>have</span> 
     </span>
     <span class='ocr_line' id='line_1_36' title="bbox 112 3939 1267 3993; baseline 0.005 -6"><span class='ocrx_word' id='word_1_283' title='bbox 112 3939 207 3987; x_wconf 74' lang='lat' dir='ltr'>Sicuti.</span> <span class='ocrx_word' id='word_1_284' title='bbox 301 3942 349 3991; x_wconf 78' lang='grc'>511</span> <span class='ocrx_word' id='word_1_285' title='bbox 370 3943 438 3992; x_wconf 79' lang='lat' dir='ltr'>labet</span> <span class='ocrx_word' id='word_1_286' title='bbox 450 3942 473 3991; x_wconf 90' lang='grc' dir='ltr'><strong>Β</strong></span> <span class='ocrx_word' id='word_1_287' title='bbox 485 3956 549 3991; x_wconf 78' lang='lat' dir='ltr'>sorr.</span> <span class='ocrx_word' id='word_1_288' title='bbox 565 3942 635 3992; x_wconf 84' lang='lat' dir='ltr'>Flor.</span> <span class='ocrx_word' id='word_1_289' title='bbox 647 3944 679 3991; x_wconf 77' lang='lat'>31</span> <span class='ocrx_word' id='word_1_290' title='bbox 700 3941 789 3992; x_wconf 82' lang='lat' dir='ltr'>camb.</span> <span class='ocrx_word' id='word_1_291' title='bbox 807 3941 847 3990; x_wconf 84' lang='lat' dir='ltr'>lor</span> <span class='ocrx_word' id='word_1_292' title='bbox 861 3943 937 3993; x_wconf 77' lang='lat' dir='ltr'>intes.</span> <span class='ocrx_word' id='word_1_293' title='bbox 1035 3942 1084 3991; x_wconf 80' lang='grc'>545</span> <span class='ocrx_word' id='word_1_294' title='bbox 1100 3944 1173 3992; x_wconf 77' lang='lat' dir='ltr'>nullo</span> <span class='ocrx_word' id='word_1_295' title='bbox 1184 3941 1267 3993; x_wconf 79' lang='lat' dir='ltr'>added</span> 
     </span>
     <span class='ocr_line' id='line_1_37' title="bbox 112 4019 1265 4084; baseline 0.003 -14"><span class='ocrx_word' id='word_1_296' title='bbox 112 4019 235 4082; x_wconf 61' lang='lat' dir='ltr'>tylam</span> <span class='ocrx_word' id='word_1_297' title='bbox 263 4037 313 4072; x_wconf 72' lang='lat' dir='ltr'>son</span> <span class='ocrx_word' id='word_1_298' title='bbox 326 4026 360 4073; x_wconf 75' lang='lat' dir='ltr'>stt</span> <span class='ocrx_word' id='word_1_299' title='bbox 378 4026 407 4073; x_wconf 78' lang='lat' dir='ltr'>in</span> <span class='ocrx_word' id='word_1_300' title='bbox 424 4025 479 4074; x_wconf 80' lang='lat' dir='ltr'>orti</span> <span class='ocrx_word' id='word_1_301' title='bbox 495 4024 518 4073; x_wconf 88' lang='lat' dir='ltr'>B</span> <span class='ocrx_word' id='word_1_302' title='bbox 535 4038 609 4084; x_wconf 69' lang='lat' dir='ltr'>oorr„</span> <span class='ocrx_word' id='word_1_303' title='bbox 626 4040 677 4074; x_wconf 78' lang='lat' dir='ltr'>non</span> <span class='ocrx_word' id='word_1_304' title='bbox 692 4026 727 4073; x_wconf 78' lang='lat' dir='ltr'>sit</span> <span class='ocrx_word' id='word_1_305' title='bbox 744 4026 774 4073; x_wconf 80' lang='lat' dir='ltr'>in</span> <span class='ocrx_word' id='word_1_306' title='bbox 792 4025 848 4072; x_wconf 82' lang='lat' dir='ltr'>orbe</span> <span class='ocrx_word' id='word_1_307' title='bbox 866 4024 938 4072; x_wconf 75' lang='lat' dir='ltr'>Nion.</span> <span class='ocrx_word' id='word_1_308' title='bbox 956 4022 1025 4071; x_wconf 84' lang='lat' dir='ltr'>Flor.</span> <span class='ocrx_word' id='word_1_309' title='bbox 1038 4023 1069 4071; x_wconf 82' lang='lat'>31</span> <span class='ocrx_word' id='word_1_310' title='bbox 1088 4022 1177 4074; x_wconf 74' lang='lat' dir='ltr'>(lamb.</span> <span class='ocrx_word' id='word_1_311' title='bbox 1194 4024 1265 4073; x_wconf 85' lang='lat' dir='ltr'>Mon.</span> 
     </span>
     <span class='ocr_line' id='line_1_38' title="bbox 110 4100 1267 4168; baseline 0.004 -18"><span class='ocrx_word' id='word_1_312' title='bbox 110 4100 201 4163; x_wconf 68' lang='lat' dir='ltr'>uulgo:</span> <span class='ocrx_word' id='word_1_313' title='bbox 216 4102 327 4167; x_wconf 73' lang='lat' dir='ltr'>perhaps</span> <span class='ocrx_word' id='word_1_314' title='bbox 337 4103 444 4168; x_wconf 81' lang='lat' dir='ltr'>rightly.</span> <span class='ocrx_word' id='word_1_315' title='bbox 544 4106 592 4156; x_wconf 78' lang='grc'>547</span> <span class='ocrx_word' id='word_1_316' title='bbox 608 4120 704 4155; x_wconf 80' lang='lat' dir='ltr'>samam</span> <span class='ocrx_word' id='word_1_317' title='bbox 714 4106 759 4155; x_wconf 79' lang='lat' dir='ltr'>hoa</span> <span class='ocrx_word' id='word_1_318' title='bbox 769 4120 865 4167; x_wconf 75' lang='lat' dir='ltr'>quoquc</span> <span class='ocrx_word' id='word_1_319' title='bbox 876 4107 915 4154; x_wconf 73' lang='lat' dir='ltr'>uti</span> <span class='ocrx_word' id='word_1_320' title='bbox 926 4102 975 4153; x_wconf 73' lang='lat' dir='ltr'>Ed</span> <span class='ocrx_word' id='word_1_321' title='bbox 987 4104 1027 4153; x_wconf 85' lang='lat' dir='ltr'>lor</span> <span class='ocrx_word' id='word_1_322' title='bbox 1037 4104 1082 4154; x_wconf 83' lang='lat' dir='ltr'>the</span> <span class='ocrx_word' id='word_1_323' title='bbox 1093 4105 1267 4166; x_wconf 73' lang='lat' dir='ltr'>meaningless</span> 
     </span>
     <span class='ocr_line' id='line_1_39' title="bbox 108 4185 1267 4250; baseline 0.003 -18"><span class='ocrx_word' id='word_1_324' title='bbox 108 4190 211 4232; x_wconf 69' lang='lat' dir='ltr'>most</span> <span class='ocrx_word' id='word_1_325' title='bbox 224 4188 302 4235; x_wconf 78' lang='lat' dir='ltr'>oculi:</span> <span class='ocrx_word' id='word_1_326' title='bbox 326 4201 412 4250; x_wconf 82' lang='lat' dir='ltr'>eomp.</span> <span class='ocrx_word' id='word_1_327' title='bbox 430 4186 489 4236; x_wconf 76' lang='lat'>541.</span> <span class='ocrx_word' id='word_1_328' title='bbox 516 4189 539 4236; x_wconf 81' lang='lat' dir='ltr'>si</span> <span class='ocrx_word' id='word_1_329' title='bbox 556 4185 805 4237; x_wconf 55' lang='lat' dir='ltr'>maurimontem</span> <span class='ocrx_word' id='word_1_330' title='bbox 823 4186 960 4249; x_wconf 68' lang='lat' dir='ltr'>magny.</span> <span class='ocrx_word' id='word_1_331' title='bbox 988 4186 1062 4237; x_wconf 82' lang='lat' dir='ltr'>Wnk.</span> <span class='ocrx_word' id='word_1_332' title='bbox 1080 4187 1140 4236; x_wconf 85' lang='lat' dir='ltr'>tells</span> <span class='ocrx_word' id='word_1_333' title='bbox 1160 4201 1191 4235; x_wconf 85' lang='lat' dir='ltr'>us</span> <span class='ocrx_word' id='word_1_334' title='bbox 1210 4185 1267 4235; x_wconf 78' lang='lat' dir='ltr'>that</span> 
     </span>
     <span class='ocr_line' id='line_1_40' title="bbox 108 4265 1267 4331; baseline 0.003 -16"><span class='ocrx_word' id='word_1_335' title='bbox 108 4265 197 4315; x_wconf 71' lang='lat' dir='ltr'>Banu</span> <span class='ocrx_word' id='word_1_336' title='bbox 211 4266 323 4318; x_wconf 83' lang='lat' dir='ltr'>obelised</span> <span class='ocrx_word' id='word_1_337' title='bbox 336 4269 384 4319; x_wconf 79' lang='lat' dir='ltr'>the</span> <span class='ocrx_word' id='word_1_338' title='bbox 395 4267 493 4327; x_wconf 75' lang='lat' dir='ltr'>words3</span> <span class='ocrx_word' id='word_1_339' title='bbox 511 4268 563 4318; x_wconf 88' lang='lat' dir='ltr'>snd</span> <span class='ocrx_word' id='word_1_340' title='bbox 577 4270 599 4319; x_wconf 80' lang='lat' dir='ltr'>it</span> <span class='ocrx_word' id='word_1_341' title='bbox 615 4269 639 4318; x_wconf 91' lang='lat' dir='ltr'>is</span> <span class='ocrx_word' id='word_1_342' title='bbox 655 4271 759 4331; x_wconf 79' lang='lat' dir='ltr'>strange</span> <span class='ocrx_word' id='word_1_343' title='bbox 772 4267 831 4317; x_wconf 86' lang='lat' dir='ltr'>that</span> <span class='ocrx_word' id='word_1_344' title='bbox 847 4269 882 4317; x_wconf 81' lang='lat' dir='ltr'>all</span> <span class='ocrx_word' id='word_1_345' title='bbox 898 4267 994 4318; x_wconf 79' lang='lat' dir='ltr'>editors</span> <span class='ocrx_word' id='word_1_346' title='bbox 1007 4267 1095 4319; x_wconf 82' lang='lat' dir='ltr'>belota</span> <span class='ocrx_word' id='word_1_347' title='bbox 1105 4268 1190 4327; x_wconf 82' lang='lat' dir='ltr'>Wak..</span> <span class='ocrx_word' id='word_1_348' title='bbox 1202 4282 1267 4318; x_wconf 84' lang='lat' dir='ltr'>even</span> 
     </span>
     <span class='ocr_line' id='line_1_41' title="bbox 106 4346 1268 4415; baseline 0.003 -19"><span class='ocrx_word' id='word_1_349' title='bbox 106 4346 185 4397; x_wconf 71' lang='lat' dir='ltr'>Jma</span> <span class='ocrx_word' id='word_1_350' title='bbox 202 4348 254 4399; x_wconf 75' lang='lat' dir='ltr'>md</span> <span class='ocrx_word' id='word_1_351' title='bbox 275 4350 378 4413; x_wconf 63' lang='lat' dir='ltr'>hamb„</span> <span class='ocrx_word' id='word_1_352' title='bbox 403 4351 454 4403; x_wconf 69' lang='lat' dir='ltr'>lost</span> <span class='ocrx_word' id='word_1_353' title='bbox 473 4351 548 4402; x_wconf 75' lang='lat' dir='ltr'>them</span> <span class='ocrx_word' id='word_1_354' title='bbox 566 4351 721 4403; x_wconf 75' lang='lat' dir='ltr'>mnotioad:</span> <span class='ocrx_word' id='word_1_355' title='bbox 749 4351 824 4402; x_wconf 74' lang='lat' dir='ltr'>Wsk.</span> <span class='ocrx_word' id='word_1_356' title='bbox 843 4351 911 4415; x_wconf 79' lang='lat' dir='ltr'>soni.</span> <span class='ocrx_word' id='word_1_357' title='bbox 927 4358 1028 4401; x_wconf 72' lang='lat' dir='ltr'>mount</span> <span class='ocrx_word' id='word_1_358' title='bbox 1046 4353 1134 4407; x_wconf 73' lang='lat' dir='ltr'>ollrn&#39;.¹</span> <span class='ocrx_word' id='word_1_359' title='bbox 1219 4351 1268 4401; x_wconf 75' lang='grc'>553</span> 
     </span>
    </p>
   </div>
   <div class='ocr_carea' id='block_1_6' title="bbox 0 0 1550 4984">
    <p class='ocr_par' dir='ltr' id='par_1_19' title="bbox 0 0 1550 4984">
     <span class='ocr_line' id='line_1_42' title="bbox 0 0 1550 4984; baseline 0 2"><span class='ocrx_word' id='word_1_360' title='bbox 0 0 1550 4984; x_wconf 95' lang='lat' dir='ltr'> </span> 
     </span>
    </p>
   </div>
  </div>
 </body>
</html>
