3092 4984
682 344 713 409 V
1217 361 1278 428 ²51

205 525 267 570 nec
292 502 419 568 facilest
440 499 602 588 placidam
624 520 662 564 ac
683 506 835 585 pacatam
856 496 974 584 degere
997 498 1100 565 vitam

209 606 269 693 qui
293 605 397 672 violat
417 603 513 669 factis
534 602 720 669 communia
740 601 870 667 foedera
890 601 988 689 pacis.
1203 615 1282 682 1135

208 709 273 776 etsi
296 709 383 774 fallit
406 706 496 773 enim
519 706 628 771 divom
649 727 753 791 genua
774 706 1032 792 humanumque,

206 822 368 902 perpetuo
391 821 504 878 tamen
528 810 563 876 id
584 811 652 876 fore
676 810 760 876 clam
783 809 927 876 diffidere
950 810 1063 895 debet3

207 919 331 1004 quippe
355 917 414 981 ubi
441 938 476 981 ee
498 914 596 980 multi
619 937 677 1000 per
698 914 826 979 somnia
847 935 943 1000 saepe
966 913 1137 1000 loquentes

208 1030 269 1087 aut
291 1020 404 1085 morbo
425 1018 601 1084 delirantes
622 1026 774 1104 protraxe
796 1018 945 1084 ferantur

209 1131 245 1191 et
266 1123 374 1189 celata
393 1124 486 1189 mola
505 1122 541 1187 in
563 1122 710 1188 medium
733 1130 768 1187 et
789 1129 925 1208 peccata
945 1120 1094 1209 dedisse]
1207 1121 1289 1187 1160

253 1227 352 1293 Nunc
375 1248 460 1312 quae
483 1249 581 1292 causa
603 1224 703 1291 deum
723 1248 784 1312 per
805 1248 939 1311 magnae
960 1225 1098 1292 numina
1115 1225 1224 1313 gentis

209 1332 410 1420 pervulgarit
433 1340 468 1398 et
488 1355 618 1398 ararum
641 1332 852 1418 compleverit
873 1333 964 1398 urbia

209 1435 478 1522 suscipiendaque
500 1436 620 1501 curarit
643 1434 814 1500 sollemnia
836 1456 933 1514 sacra,

211 1562 296 1626 quae
318 1561 406 1605 nunc
428 1540 464 1604 in
486 1539 613 1626 magnis
634 1538 751 1603 dorent
773 1559 863 1603 sacra
883 1536 972 1603 rebu’
992 1537 1143 1625 locisque,

210 1642 299 1709 unde
320 1642 421 1708 etiam
442 1664 531 1707 nunc
552 1650 603 1707 eat
623 1641 816 1706 mortalibus
838 1640 957 1706 incitus
979 1641 1099 1708 horror¹
1206 1642 1285 1722 1165

214 1746 272 1833 qui
297 1746 436 1812 delubra
457 1746 557 1812 deum
578 1767 664 1812 nova
684 1752 755 1810 toto
777 1743 913 1810 suscitat
935 1743 1006 1809 orbi

213 1858 376 1915 terrarum
399 1859 432 1916 et
454 1849 546 1916 fectis
568 1849 656 1936 cogit
678 1848 841 1913 celebrare
863 1848 986 1927 diebus,

213 1976 279 2019 non
301 1953 350 2019 ita
371 1953 533 2019 difficilest
554 1953 714 2018 rationem
735 1951 871 2018 reddere
892 1950 1008 2018 verbis.

214 2058 336 2145 quippe
358 2057 481 2123 etenim
502 2058 569 2122 iam
591 2065 664 2123 tum
686 2056 797 2122 divom
820 2054 972 2121 mortalia
992 2053 1106 2119 saecla

216 2159 361 2248 egregias
384 2160 494 2226 animo
516 2158 614 2225 facies
635 2159 794 2245 vigilante
815 2158 973 2224 videbant

216 2272 250 2329 et
272 2264 376 2351 magis
397 2264 434 2329 in
455 2265 577 2330 somnis
598 2264 745 2329 mirando
767 2264 907 2350 corporis
929 2271 1037 2330 auctu

215 2368 268 2433 his
290 2368 391 2455 igitur
411 2391 543 2434 sensum
564 2368 755 2434 tribuebant
778 2376 948 2455 propterea
970 2365 1057 2453 quod

216 2472 363 2537 membra
384 2494 512 2537 movere
535 2470 733 2536 videbantur
753 2492 911 2557 vocesque
932 2470 1087 2555 superbae

216 2572 349 2639 mittere
372 2596 430 2660 pro
453 2573 536 2639 facie
558 2572 723 2659 praeclara
745 2579 781 2637 et
804 2572 928 2638 viribus
950 2571 1074 2658 amplia

217 2686 448 2764 aeternamque
468 2677 592 2743 dabant
613 2676 725 2754 vitam,
747 2675 825 2760 quia
846 2698 974 2762 semper
996 2697 1109 2741 eorum

191 2841 194 2848 .
217 2783 486 2870 subpeditabatur
507 2782 605 2848 facies
627 2790 661 2847 et
682 2781 788 2846 forma
809 2781 972 2859 manebat,

218 2893 386 2953 ettamen
408 2885 539 2951 omnino
562 2882 648 2972 quod
671 2884 773 2950 tantis
794 2885 918 2951 viribus
940 2892 1051 2951 auctos

217 3011 284 3055 non
307 2997 431 3055 temere
452 2987 521 3053 ulla
542 2986 576 3052 vi
599 2986 746 3053 convinci
768 3009 861 3073 pocae
882 2987 1053 3073 putabant

218 3093 421 3180 fortunisque
445 3091 519 3158 ideo
540 3092 635 3178 longe
657 3099 821 3178 praestare
844 3091 1015 3177 putabant,

219 3197 306 3283 quod
321 3197 434 3281 mortis
448 3197 546 3261 timor
559 3196 642 3261 haut
656 3216 855 3282 quemquam
868 3201 1002 3259 vexaret
1016 3213 1137 3267 eorum,

220 3310 256 3368 et
277 3300 374 3365 simul
395 3299 430 3365 in
452 3299 573 3365 comnis
594 3299 674 3385 quia
695 3299 803 3365 multa
823 3306 858 3364 et
879 3297 964 3361 mira
982 3294 1139 3361 videbant

220 3403 345 3470 efficere
367 3410 401 3468 et
422 3403 551 3468 nullum
572 3425 687 3490 capere
707 3404 794 3491 ipsos
815 3403 892 3469 inde
915 3400 1071 3467 laborem.
1097 3449 1100 3456 .

220 3515 388 3593 praeterea
409 3506 490 3571 caeli
513 3506 654 3571 rationes
677 3506 789 3572 ordine
811 3514 899 3571 certo

221 3618 256 3676 et
277 3610 367 3675 varia
389 3631 548 3675 annorum
570 3609 745 3676 cernebant
767 3618 916 3695 tempora
936 3603 1019 3671 verti

222 3734 281 3778 nec
301 3720 453 3799 poterant
476 3711 596 3798 quibua
619 3711 654 3778 id
674 3711 769 3777 fieret
790 3731 979 3797 cognoscere
1000 3705 1114 3773 cauria

222 3838 298 3902 ergo
320 3816 505 3902 perfugium
527 3815 590 3881 sibi
611 3815 777 3881 habebant
799 3814 908 3880 omnia
928 3811 1012 3878 divis

223 3914 350 3980 tradere
374 3921 408 3979 et
431 3914 561 3979 illorum
583 3922 668 3979 nutu
691 3914 795 3980 facere
818 3913 927 3978 omnia
946 3911 1042 3977 flecti.

222 4018 259 4085 in
279 4020 434 4106 caeloque
455 4018 555 4085 deum
578 4019 671 4084 sedes
697 4027 732 4083 et
755 4018 882 4104 templa
901 4018 1057 4095 locarunt,

133 4255 187 4295 mc.
198 4239 285 4292 buum
301 4239 438 4291 Marullus.
536 4238 601 4289 1160
615 4238 685 4288 malo
704 4235 787 4288 added
805 4235 840 4300 by
853 4232 935 4286 Lech.
976 4234 1023 4283 dtu
1038 4231 1104 4282 Mar.
1120 4228 1202 4281 alul
1219 4229 1295 4279 Junt.

134 4321 207 4386 vulg.
305 4322 370 4374 1177
386 4321 636 4372 Ettameaomniao.
668 4318 909 4370 Etmoaetonmfnc
919 4308 1256 4375 Inambmoatperverrely.

136 4404 204 4455 1178
219 4404 276 4453 ulla
284 4405 313 4454 ot
323 4402 396 4453 Brin
407 4402 473 4452 Mar.
485 4401 566 4452 aral
583 4400 659 4452 lunt.
670 4399 710 4451 for
719 4401 769 4451 illc
779 4402 816 4451 oi.
848 4399 899 4449 rua
910 4395 983 4463 (atto)
995 4393 1055 4445 Ver.
1066 4392 1131 4445 Van.
1231 4388 1295 4442 110⁹
