3092 4984
329 455 485 522 nimirum
507 454 586 543 quia
607 477 673 521 non
697 453 847 541 cognovit
871 477 955 542 quae
978 454 1022 522 sit
1043 452 1187 521 habendi

329 559 405 626 finis
428 567 463 625 st
486 558 619 626 omnino
643 559 750 645 quoad
774 567 897 624 crescat
919 581 997 625 vera
1019 558 1176 644 voluptas

218 703 226 711 -
330 662 429 751 idque
453 662 645 728 minutatim
668 664 773 729 vitam
796 665 945 750 provexit
968 664 1004 729 in
1028 665 1133 729 altum

330 773 364 831 et
387 765 465 830 belli
488 788 624 851 magnos
646 766 821 830 commorit
844 766 993 832 funditus
1016 774 1133 832 aestus

372 870 419 934 At
442 870 555 955 vigiles
578 870 694 934 mundi
715 892 871 955 magnum
895 869 1046 935 versatile
1069 868 1230 953 templum

330 972 377 1038 sol
400 981 435 1038 et
457 973 536 1039 luna
558 996 616 1039 suo
640 974 817 1039 lustrantes
838 974 962 1038 lumine
985 973 1107 1037 circum

330 1075 524 1161 perdocuere
546 1076 694 1141 homines
717 1098 878 1141 annorum
900 1085 1048 1163 tempora
1073 1075 1156 1141 verti

331 1189 365 1246 et
388 1191 477 1247 certa
497 1181 622 1246 ratione
644 1181 714 1267 geri
737 1203 807 1247 rem
830 1189 930 1266 atque
953 1180 1064 1246 ordine
1087 1187 1183 1245 certo.

374 1284 445 1348 Iam
469 1284 583 1349 validis
606 1285 710 1370 saepti
733 1284 895 1371 degebant
918 1284 1062 1350 turribus
1086 1305 1201 1349 aevom

331 1396 366 1454 et
388 1388 492 1454 divisa
512 1388 678 1454 colebatur
701 1388 904 1475 discreteque
927 1389 1034 1464 tellus,

330 1490 396 1555 iam
419 1514 507 1557 mare
529 1492 673 1557 velivolis
695 1492 833 1558 florebat
855 1491 1032 1578 puppibus3
1057 1491 1157 1556 urbes

332 1593 455 1658 auxilia
477 1616 514 1659 ac
537 1594 638 1659 socios
660 1594 726 1659 iam
751 1603 848 1681 pacto
870 1593 998 1659 foedere
1021 1593 1195 1671 habebant

332 1697 530 1764 carminibus
552 1721 627 1763 cum
650 1721 702 1765 res
724 1707 833 1785 gestas
859 1720 992 1786 coepere
1014 1707 1130 1784 poetae

332 1801 473 1883 tradere;
496 1824 556 1867 nec
578 1803 683 1868 multo
706 1803 789 1889 priu'
813 1811 891 1868 sunt
912 1803 1076 1868 elementa
1097 1808 1234 1887 reperta

331 1914 504 1993 propterea
525 1906 605 1991 quid
628 1906 672 1971 sit
695 1907 785 1993 prius
809 1914 920 1971 actum
942 1906 1101 1992 respicere
1124 1914 1214 1969 aetas

333 2019 442 2075 nostra
464 2011 589 2096 nequit,
609 2011 673 2076 nisi
695 2033 761 2097 qua
782 2011 867 2077 ratio
889 2011 1032 2097 vestigia
1052 2016 1221 2075 monstrat.

375 2112 517 2199 Navigia
539 2122 638 2199 atque
661 2114 730 2200 agri
754 2115 897 2179 culturas
920 2113 1054 2179 moenia
1074 2114 1165 2198 leges

332 2238 424 2282 arma
444 2217 513 2282 vias
536 2227 641 2283 vestes
664 2227 694 2284 et
717 2227 825 2283 cetera
847 2217 889 2283 de
911 2239 1030 2304 genere
1052 2217 1178 2291 horum,

332 2320 484 2405 praemia,
508 2320 640 2386 delicias
662 2343 792 2408 quoque
815 2322 904 2387 vitae
927 2321 1075 2386 funditus
1098 2319 1212 2395 omnis,

333 2424 476 2489 carmina
498 2426 650 2511 picturas,
676 2433 709 2489 et
733 2424 870 2489 dsedsla
892 2424 985 2510 signa
1007 2422 1117 2509 polire,

333 2551 411 2594 usus
434 2538 468 2594 et
493 2530 650 2616 impigrae
673 2530 770 2594 simul
794 2527 995 2615 experientia
1017 2525 1137 2592 mentis

333 2632 492 2717 paulatim
514 2632 625 2698 docuit
647 2634 863 2720 pedetemtim
885 2631 1130 2719 progredientis.

334 2734 379 2798 sic
402 2735 662 2828 unumquicquid
685 2737 847 2822 paulatim
870 2736 1031 2822 protrahit
1055 2743 1148 2800 aetas

334 2838 369 2901 in
394 2836 539 2901 medium
562 2839 710 2925 ratioque
733 2840 769 2903 in
792 2839 927 2904 luminis
950 2838 1047 2924 erigit
1070 2859 1149 2902 oras
1322 2849 1401 2916 1455

334 2961 476 3025 namque
498 2941 565 3006 alid
588 2965 629 3008 ex
653 2944 717 3009 alio
740 2944 914 3010 clarescere
938 2951 973 3009 et
996 2943 1109 3009 ordine
1131 2943 1232 3008 debet
1273 2935 1386 3096 pff

333 3044 465 3123 artibus,
488 3045 530 3111 ed
554 3068 719 3113 summum
743 3048 846 3114 donec
870 3070 990 3114 venere
1011 3069 1176 3113 cacumen.
1240 2984 1277 3129 ς

248 3257 329 3308 Aldl
341 3258 416 3309 lunt.
503 3257 567 3311 uso
582 3275 699 3323 mgnum
708 3262 834 3311 umutile.
866 3276 983 3323 maenum
993 3258 1250 3311 evanescentem
1261 3259 1338 3309 small
1349 3257 1402 3316 ed.;

249 3339 341 3390 audac
349 3355 411 3404 msy
420 3339 487 3391 hare
498 3342 578 3392 lallen
589 3344 635 3391 out
646 3342 713 3393 alter
723 3358 760 3392 m:
772 3342 829 3393 etia
840 3342 923 3393 added
933 3342 967 3407 by
978 3343 1044 3393 Mar.
1056 3342 1134 3392 Aldl
1148 3342 1220 3392 lunt.
1232 3340 1326 3391 Lumb.
1334 3341 1402 3403 vulg.

247 3425 371 3474 vermelll'
388 3422 469 3475 Lech.
568 3425 633 3475 1442
648 3426 706 3476 Iam
721 3425 803 3477 Lech.
815 3426 856 3476 lor
868 3427 939 3477 Tum.
968 3433 1073 3490 propter
1088 3425 1172 3476 odores
1189 3424 1226 3475 all
1240 3439 1305 3473 mss.
1320 3423 1403 3474 which

247 3503 321 3554 Wele
337 3504 585 3571 absurdlydelends.
615 3511 741 3571 puppibus
760 3508 886 3574 (pupplb.)
902 3515 927 3557 el
942 3522 980 3558 rer
997 3506 1079 3557 Lech.
1108 3507 1236 3571 puppibus
1252 3505 1276 3556 is
1293 3519 1403 3568 unques

247 3585 363 3650 tiousbly
378 3587 460 3651 right3
476 3590 524 3639 but
539 3605 579 3640 rev
595 3604 705 3652 appears
723 3586 830 3653 strange
845 3590 955 3640 without
975 3605 1027 3653 any
1045 3589 1158 3652 spithel;
1184 3588 1199 3638 1
1216 3587 1284 3638 have
1302 3587 1404 3637 written

247 3665 375 3717 therslore
388 3671 530 3731 pvepplbuu
546 3672 625 3719 urbes.
668 3673 732 3721 Tum
746 3688 814 3722 move
831 3674 966 3722 velivolum
976 3672 1084 3734 florebat
1099 3670 1202 3719 novibu'
1216 3669 1312 3731 pondis
1330 3668 1404 3717 lunt.

250 3745 305 3811 (not
324 3747 400 3796 Pont.
420 3763 450 3797 or
468 3749 544 3814 Mar.)
560 3750 653 3799 hamb.
665 3754 713 3801 eto.
726 3752 850 3816 probably
860 3753 928 3803 atter
938 3751 1052 3804 Servius.
1151 3750 1215 3800 1449
1233 3757 1258 3799 et
1274 3748 1357 3798 added
1372 3748 1405 3812 by

248 3827 318 3876 Flor.
326 3829 357 3877 81
374 3829 464 3879 (lamb.
565 3832 627 3881 1451
640 3835 724 3894 polire
734 3835 806 3885 Flor.
814 3837 845 3886 al
857 3835 915 3885 Vnt.
928 3831 1326 3886 oloUrbin.snu19540th0b.
1339 3832 1404 3882 Mur.

248 3907 329 3958 Aldl
346 3908 421 3958 lunt.
437 3909 530 3959 Lumb.
545 3909 627 3960 Lech.
645 3911 685 3961 lor
696 3917 786 3976 polleo.
886 3917 949 3967 1455
966 3918 1051 3979 eripit.
1085 3917 1152 3965 eruit
1167 3914 1241 3963 lunt.
1255 3913 1309 3977 (not
1326 3913 1403 3963 Pont.

248 4005 278 4040 ⁰¹
287 3989 361 4053 Mul
373 3989 463 4039 ΜΒ·
475 3992 524 4041 eit>-
535 3993 656 4056 wonssly·
756 3997 821 4048 1456
837 4001 971 4049 clarescere
983 4007 1007 4049 et
1021 4000 1107 4048 ordine
1118 3998 1186 4048 debet
1196 3996 1246 4046 Ed.
1258 3997 1299 4045 lor
1313 3998 1404 4045 elaver·

248 4087 301 4123 cere
317 4073 393 4121 ccede
405 4074 535 4124 videbunt:
551 4089 601 4124 one
612 4090 625 4125 e
635 4090 689 4125 was
698 4075 823 4129 ubsrnbed
833 4080 868 4144 by
877 4081 923 4132 the
934 4082 1022 4142 othon
1038 4081 1103 4131 then
1115 4081 1211 4130 sordine
1223 4080 1294 4128 debet
1306 4077 1401 4140 pused

248 4154 306 4205 into
315 4153 391 4203 corde
399 4154 527 4204 videbunt.
560 4157 695 4206 elucescere
705 4163 866 4211 conveniebat
877 4162 958 4213 Lech.
970 4163 1027 4213 who
1037 4162 1106 4226 joina
1117 4163 1220 4212 Artibus
1231 4158 1294 4210 with
1304 4175 1399 4210 venere.
