3092 4984
791 330 846 399 III

328 486 444 554 oscitet
465 484 637 574 extemplo,
656 485 770 575 tetigit
792 508 867 553 cum
889 485 1005 553 limine
1025 485 1130 566 villae,
1316 482 1396 568 1065

328 599 387 655 eut
407 590 477 655 abit
489 590 530 654 in
552 611 701 655 somnum
723 590 830 676 gravis
852 598 952 676 atque
974 590 1095 656 oblivio
1117 588 1254 675 quaerit,

329 700 388 757 aut
410 691 511 757 etiem
531 714 707 778 properans
729 693 845 757 urbem
866 692 951 778 petit
973 701 1072 778 etque
1095 693 1217 758 revisit.

327 796 388 860 hoo
410 817 444 861 se
467 796 605 881 quisque
626 794 723 861 modo
745 794 830 880 fugit
855 797 901 879 (et
923 817 1022 881 quem
1044 795 1174 873 seilicet,
1198 804 1236 861 ut
1258 796 1305 875 fit,

329 898 472 985 effugere
494 900 575 966 haut
596 899 683 985 potis
706 908 764 976 est,
787 898 923 983 ingratis
945 898 1069 983 haeret)
1094 908 1129 965 et
1150 899 1221 965 odit

328 1010 509 1087 propterea,
532 1002 637 1066 morbi
659 1001 737 1087 quia
758 1022 889 1066 causam
912 1023 977 1065 nou
999 1011 1091 1067 tenet
1113 1025 1227 1089 aeger3
1321 1018 1403 1084 1070

331 1127 431 1190 quem
452 1105 537 1171 bene
558 1104 586 1170 si
608 1103 727 1182 videet,
750 1104 817 1169 iem
840 1105 936 1170 rebus
958 1106 1096 1192 quisque
1118 1107 1237 1172 relictis

330 1218 482 1274 naturam
505 1209 646 1295 primum
668 1210 799 1275 studeat
820 1230 1009 1295 oognosoere
1031 1232 1149 1287 rerum,

331 1313 487 1399 temporis
509 1314 633 1379 oeterni
655 1315 819 1400 quonium,
842 1335 909 1378 non
929 1314 1028 1379 unius
1049 1315 1156 1393 horae,

332 1419 509 1505 ambigitur
531 1428 644 1497 status,
668 1420 704 1484 in
725 1442 791 1505 quo
813 1420 856 1485 sit
877 1420 1069 1486 mortalibus
1091 1421 1195 1485 omnis

333 1531 431 1602 astos,
454 1531 527 1608 post
549 1532 687 1589 mortem
709 1545 794 1609 quae
815 1531 918 1589 restat
939 1545 1078 1609 cumque
1100 1523 1270 1589 manendo
1323 1537 1401 1606 1075

378 1626 528 1712 Denique
550 1633 643 1692 tento
665 1648 761 1712 opere
784 1626 819 1691 in
841 1625 950 1691 dubiis
971 1627 1133 1712 trepidare
1155 1627 1283 1713 periclis

335 1752 419 1817 quse
440 1732 607 1797 melanos
629 1731 751 1818 subigit
772 1731 854 1796 vitei
876 1739 972 1797 tante
994 1730 1136 1817 cupido?

335 1844 425 1902 certo
446 1837 578 1922 quidem
600 1837 674 1903 finis
695 1837 785 1903 vitoe
806 1838 998 1903 mortalibus
1020 1837 1128 1903 adstet

335 1963 397 2007 000
419 1941 556 2008 devitari
577 1943 682 2009 letum
702 1950 781 2030 pote
803 1942 883 2030 quin
905 1943 1067 2010 obeamus

336 2053 505 2130 praetereo
525 2067 692 2112 versemur
712 2045 836 2111 ibidem
858 2054 958 2132 etque
980 2045 1128 2111 insumus
1149 2067 1253 2132 usque
1325 2045 1408 2110 1080

337 2171 397 2215 000
418 2172 502 2216 nova
522 2151 660 2217 vivendo
680 2150 870 2237 procuditur
891 2151 959 2217 ulle
979 2151 1146 2238 voluptus3

338 2253 395 2317 sed
417 2253 497 2318 dum
518 2254 611 2320 obest
632 2254 720 2341 quod
741 2276 883 2332 evemus,
907 2253 941 2318 id
964 2276 1156 2341 exsuperare
1177 2252 1308 2319 videtur

338 2363 463 2437 oeters3
482 2364 556 2443 post
578 2356 669 2434 aliut,
691 2379 767 2423 oum
788 2357 925 2444 contigit
946 2357 1037 2437 illud,
1059 2379 1192 2424 evemus

341 2466 376 2523 et
397 2458 467 2523 sitis
489 2480 594 2545 sequa
615 2469 708 2526 tenet
728 2460 811 2526 vitei
832 2481 961 2547 semper
981 2460 1110 2526 hiantis

339 2570 530 2650 posteroque
552 2564 588 2629 in
609 2564 739 2631 dubiost
761 2566 926 2632 fortunam
947 2588 1046 2652 quom
1068 2567 1167 2631 vehet
1188 2571 1286 2642 estes,
1328 2564 1406 2647 1085

341 2665 459 2752 quidve
481 2666 565 2732 seret
586 2668 679 2734 nobis
701 2691 793 2735 cesus
815 2669 912 2754 quive
934 2669 1041 2735 exitus
1063 2669 1171 2735 instet

340 2791 401 2834 neo
422 2791 569 2855 prorsum
590 2773 693 2837 vitem
715 2771 864 2838 ducendo
885 2772 1048 2837 demimus
1068 2772 1174 2838 hilum

341 2880 487 2959 tempore
509 2874 550 2939 de
572 2874 685 2939 mortis
706 2896 767 2941 neo
788 2874 931 2940 delibero
952 2875 1107 2952 velemus,

342 2976 537 3063 quominus
559 2999 627 3043 esse
650 2976 707 3042 diu
728 2977 888 3063 possimus
909 2977 992 3042 forte
1014 2976 1182 3063 perempti

252 3170 495 3234 piterqtec...ieotot’
506 3167 599 3218 Heius.
608 3167 638 3218 in
648 3182 698 3218 ms.
710 3169 794 3219 notes.
902 3168 966 3219 1060
978 3169 1055 3221 loos:
1072 3168 1107 3232 by
1117 3183 1133 3219 0
1142 3167 1226 3217 better
1240 3164 1413 3230 pnnotuetion

256 3254 271 3304 1
286 3252 353 3304 heve
368 3252 383 3303 I
400 3251 478 3302 think
493 3251 568 3303 mede
584 3252 639 3302 this
657 3251 779 3315 disputed
794 3265 901 3314 pesssgs
916 3251 988 3314 quite
1006 3252 1087 3302 olosr:
1113 3251 1177 3301 1009
1194 3252 1304 3313 irroratis
1319 3248 1412 3299 Lsmb.

256 3335 353 3400 rightly
363 3337 550 3399 iortoorotius:
567 3336 678 3400 nothing
693 3336 746 3387 else
757 3335 781 3385 is
792 3337 819 3385 to
834 3335 867 3386 be
881 3334 1010 3397 changed3
1026 3335 1074 3385 but
1085 3342 1113 3384 ot
1126 3334 1314 3398 quem...toeret
1325 3347 1369 3382 urs
1384 3334 1414 3382 to

256 3418 289 3470 bs
300 3418 419 3470 enclosed
434 3418 464 3469 in
476 3419 603 3470 brsolrets.
702 3420 766 3470 1008
777 3420 824 3474 ,ior
837 3435 908 3482 quem
922 3418 1003 3468 Leoh.
1016 3433 1100 3481 quem:
1117 3417 1160 3467 his
1177 3418 1239 3467 note
1249 3417 1273 3466 is
1284 3420 1353 3466 most
1364 3430 1413 3465 un·

257 3502 420 3566 setistsotory
439 3501 491 3552 snd
505 3505 533 3552 to
550 3518 593 3552 ms
611 3503 707 3553 almost
724 3501 928 3565 unintelligiblo3
946 3501 1085 3564 especially
1099 3500 1146 3549 the
1164 3498 1247 3549 words
1264 3505 1339 3548 ‘uem
1357 3511 1415 3547 sess

256 3582 336 3633 homo
355 3585 401 3633 sut
417 3596 519 3644 semper
536 3582 646 3646 effugere
663 3585 749 3645 potest
764 3584 810 3632 sut
827 3596 980 3645 numquam,
996 3581 1120 3645 quonism
1136 3581 1186 3631 hoo
1203 3583 1289 3630 totum
1306 3579 1415 3642 igunto

257 3662 373 3712 dioitnr’.
408 3662 506 3714 Sensus
516 3662 548 3713 de
559 3662 692 3726 tranquill.
705 3677 727 3712 11
739 3663 772 3712 14
783 3661 950 3726 olesrlyresd
966 3677 1049 3725 quem:
1066 3661 1102 3712 he
1118 3661 1235 3724 explsins
1254 3660 1331 3711 Luor.
1342 3660 1416 3723 quite

255 3741 386 3803 ooneotly.
485 3742 549 3792 1009
561 3744 770 3806 boeretetoeps't.
783 3742 933 3793 01001001.
945 3743 1037 3793 Lemb.
1049 3743 1117 3806 vulg.
1150 3741 1414 3804 100οψ000000.

257 3821 333 3871 01000
343 3819 393 3870 hes
410 3821 504 3881 initum
520 3820 650 3873 therefore
666 3823 763 3873 Avsno.
774 3823 833 3874 who
849 3823 964 3875 founded
978 3823 1022 3874 his
1037 3823 1151 3874 revision
1165 3839 1199 3873 on
1215 3824 1237 3873 it
1252 3822 1302 3872 hes
1317 3825 1416 3872 insitus

257 3903 387 3952 00000001.
486 3902 551 3952 1000
561 3903 636 3965 feeit
652 3911 689 3952 ot.
718 3904 822 3967 fustist
836 3904 941 3969 Madvig
956 3909 1026 3968 post.
1042 3904 1102 3956 Iret.
1114 3918 1194 3954 oerm.
1211 3903 1258 3954 sol.
1275 3904 1352 3953 1⁸4³:
1369 3901 1418 3952 but

259 3982 365 4040 Sensus,
377 3994 406 4031 es
420 3981 478 4032 vell
489 3995 518 4032 es
529 3996 577 4031 our
592 3997 666 4041 mss,
678 3983 773 4046 oleorly
783 3984 846 4035 reod
855 3986 930 4048 sopit
941 3995 978 4037 ot.
1087 3986 1151 4037 1070
1173 3986 1299 4048 Temporis
1317 3987 1417 4034 oeumr'

258 4062 334 4114 Pont.
346 4061 504 4113 01000101
516 4063 590 4113 Junt.
602 4063 660 4113 first
671 4063 712 4113 ior
722 4066 826 4115 Aeterni
837 4069 962 4129 temporie.
1062 4067 1125 4117 1075
1137 4067 1260 4115 moereo
1271 4063 1365 4114 humb.
1377 4063 1418 4113 ior

259 4148 388 4197 monendo.
487 4146 551 4199 1070
570 4147 646 4196 Certo
657 4147 758 4209 quidem
769 4147 866 4197 hreno.
877 4147 964 4198 001000
979 4147 1072 4197 Lemb.
1084 4148 1125 4197 ior
1138 4148 1209 4197 Gerre
1228 4147 1350 4209 quidem.

260 4229 323 4279 1006
335 4228 466 4292 soresmos
475 4226 556 4277 Aldl
568 4227 642 4277 lunt.
654 4225 711 4276 tirst
722 4226 884 4290 tonsorum.
982 4229 1047 4278 1000
1058 4230 1169 4278 delitare
1180 4227 1255 4278 Pont.
1265 4225 1331 4275 Mer.
1341 4225 1416 4275 Junt.

259 4311 300 4361 ior
315 4312 461 4361 0011000000.
493 4311 614 4360 delibrorc
625 4311 721 4359 Avsno.
738 4308 831 4359 humb.
866 4308 901 4358 ι1.
920 4306 1047 4360 devitere’
1060 4310 1154 4361 Heius.
1166 4310 1195 4359 in
1213 4323 1264 4358 ms.
1275 4309 1360 4357 notos.

294 4393 357 4446 1000
365 4394 487 4458 00001000
492 4392 561 4457 sorte
572 4390 644 4442 Niso.
656 4389 679 4440 B
693 4403 759 4440 oorr.
771 4389 883 4440 100001
899 4389 990 4440 cumb.
1001 4390 1073 4441 Brix.
1086 4391 1146 4442 Ver.
1158 4390 1224 4441 Vsu.
1235 4389 1276 4439 tor
1288 4403 1420 4452 possm
