3092 4984
718 295 768 361 IV

252 470 320 515 esse
342 449 379 515 in
400 449 598 536 imaginibus
619 458 817 536 quapropter
838 471 935 516 eausa
955 450 1086 517 videtur

251 562 407 627 cernundi
430 584 537 648 neque
559 584 652 648 posse
675 563 745 627 sine
767 562 819 627 his
840 584 891 629 res
913 563 982 627 ullo
1002 563 1114 629 videri

252 687 338 730 nuno
360 688 401 731 ea
421 687 505 752 quae
528 666 599 731 dieo
621 688 730 730 rerum
752 665 925 731 simulacro
946 667 1098 731 feruntur

251 770 396 855 undique
419 778 453 834 et
474 769 509 833 in
532 777 664 834 cunctos
685 769 851 834 iaciuntur
872 769 977 834 didita
998 771 1118 856 purtis3

251 894 365 936 verum
386 893 445 936 noe
468 872 569 936 oculis
591 870 669 957 quia
691 871 767 935 solis
789 893 921 936 eernere
943 873 1082 957 quirunt,

251 984 423 1060 propterea
443 973 483 1038 fit
505 975 562 1051 uti,
587 974 727 1059 speciem
749 996 815 1059 quo
836 975 1003 1054 vertimus,
1026 998 1140 1041 omnes

251 1103 302 1145 res
323 1082 370 1146 ibi
393 1103 465 1145 earn
487 1087 601 1145 contre
621 1079 739 1144 feriunt
762 1080 866 1145 forma
887 1089 987 1166 atque
1010 1081 1122 1146 colore.

252 1194 286 1249 et
308 1192 469 1270 quantum
492 1205 640 1269 quaeque
663 1183 705 1247 ab
727 1183 822 1247 nobis
842 1205 894 1247 res
916 1183 1008 1261 absit,
1033 1185 1140 1269 imago

253 1289 351 1354 efficit
372 1298 411 1354 ut
432 1288 600 1353 videamus
623 1296 656 1353 et
679 1287 896 1352 internoscere
920 1298 1032 1368 curat3
1259 1304 1320 1373 245

252 1414 329 1456 nem
351 1414 427 1457 oum
448 1391 600 1468 mittitur,
624 1392 788 1476 extemplo
810 1391 972 1477 protrudit
994 1393 1128 1478 agitque

252 1517 328 1560 aera
350 1496 407 1580 qui
429 1495 515 1560 inter
537 1517 572 1559 se
595 1517 734 1580 cumque
756 1503 806 1559 est
829 1495 1000 1582 oculosque
1022 1497 1154 1589 locutus,

252 1598 344 1682 isque
366 1598 415 1661 ita
436 1619 494 1683 per
516 1605 641 1660 nostroe
664 1596 749 1660 ecies
770 1597 951 1681 perlabitur
973 1599 1077 1663 omnis

252 1710 286 1766 et
308 1702 399 1786 quasi
421 1709 586 1786 perterget
607 1701 749 1785 pupillas
771 1707 871 1787 atque
894 1702 942 1766 ita
963 1703 1089 1768 transit.

165 1816 225 1882 251
251 1809 423 1887 propterea
443 1800 482 1864 fit
504 1801 554 1864 uti
575 1799 744 1864 videamus
766 1823 866 1886 quam
888 1802 1001 1887 procul
1023 1802 1110 1867 absit
1257 1818 1324 1885 250

165 1920 230 1987 250
251 1927 302 1969 res
323 1926 479 1990 quaeque.
503 1913 537 1969 et
559 1918 682 1990 quanto
704 1904 778 1990 plus
801 1906 883 1969 aeris
906 1915 982 1969 ente
1005 1906 1151 1991 agitatur

252 2018 286 2075 et
307 2018 432 2074 nostros
454 2007 561 2072 oculos
583 2016 750 2094 perterget
771 2009 898 2094 longior
919 2031 1008 2085 aura,

251 2122 321 2179 tarn
342 2113 454 2198 procul
475 2135 544 2178 esse
566 2113 670 2198 magis
691 2136 742 2179 res
765 2136 914 2199 quaeque
936 2122 1063 2179 remota
1083 2115 1221 2181 videtur.

252 2218 374 2282 scilieet
395 2217 475 2281 haee
497 2238 623 2281 summe
645 2217 742 2282 celeri
763 2219 889 2282 ratione
911 2227 1079 2303 geruntur,

253 2320 348 2406 quale
370 2321 413 2384 sit
435 2326 473 2384 ut
494 2318 661 2384 videamus
683 2328 806 2385 etune
828 2343 927 2406 quam
949 2321 1061 2406 procul
1083 2322 1177 2387 absit.
1258 2335 1319 2404 255

251 2421 332 2486 illud
353 2421 389 2486 in
409 2421 461 2486 his
483 2422 579 2486 rebus
600 2421 736 2486 minime
758 2423 906 2487 mirabile
928 2424 1159 2503 habendumst

253 2548 316 2603 cur,
340 2548 484 2611 eaquae
506 2525 626 2590 feriant
647 2526 755 2590 oculos
778 2526 950 2590 simulacro
970 2526 1074 2592 videri

252 2625 381 2711 singulo
401 2648 476 2690 curn
498 2633 672 2711 nequeant,
695 2647 745 2690 res
768 2626 858 2711 ipsae
879 2627 1124 2712 perspiciantur.

251 2734 368 2792 ventus
390 2729 478 2793 enim
500 2751 629 2815 quoque
650 2728 811 2815 paulatim
833 2750 908 2792 cum
930 2730 1080 2795 verberat
1102 2739 1136 2796 et
1159 2754 1234 2796 cum

162 2832 226 2896 261
252 2853 323 2896 aere
345 2832 419 2896 fluit
439 2832 549 2918 trigue,
572 2855 637 2897 non
658 2832 786 2918 privam
808 2854 971 2918 quemque
993 2835 1134 2900 solemus
1257 2836 1323 2902 260

162 2938 231 3002 260
252 2936 444 3021 porticulum
465 2937 556 3001 venti
578 2937 699 3002 sentire
722 2945 756 3001 et
778 2936 904 3021 frigoris
926 2938 1006 3014 eius,

252 3038 308 3103 sed
330 3038 433 3123 magis
454 3059 617 3115 unorsum,
640 3038 774 3124 fierique
796 3039 932 3125 perinde
955 3040 1104 3105 videmus

250 3164 380 3228 corpore
402 3150 475 3206 tum
496 3142 607 3227 plagas
629 3143 663 3206 in
685 3151 795 3207 nostro
817 3153 986 3229 tamquam
1009 3144 1137 3229 aliquae
1160 3166 1211 3209 res

250 3247 399 3311 verberet
421 3254 519 3331 atque
542 3246 593 3309 sui
615 3245 671 3310 det
693 3269 824 3311 sensum
846 3249 986 3333 eorporis
1009 3256 1108 3312 extra.

250 3360 419 3438 praeterea
439 3351 580 3437 lapidem
603 3351 706 3438 digito
727 3375 803 3418 cum
825 3352 1001 3431 tundimus,
1025 3354 1133 3438 ipsum
1257 3354 1317 3436 265

250 3456 415 3540 tangimus
438 3463 621 3519 extremum
642 3457 712 3520 saxi
734 3478 963 3540 summumque
986 3457 1132 3534 colorem,

251 3580 311 3623 nec
332 3559 490 3623 sentimus
513 3580 588 3623 eum
610 3566 711 3637 tactu,
733 3581 846 3625 verum
870 3559 974 3644 magis
996 3559 1101 3644 ipsam

158 3778 248 3831 would
261 3777 294 3829 be
304 3793 339 3829 nn
354 3777 506 3830 intolernble
522 3779 664 3843 tautology.
763 3780 812 3830 240
828 3782 913 3831 didita
924 3780 1000 3831 Pont.
1013 3780 1171 3831 Mur.Ald.1
1189 3779 1263 3830 Jnnt.
1281 3780 1321 3830 lor

158 3862 259 3911 dedite
357 3861 405 3910 245
427 3867 508 3911 curat.
541 3863 607 3923 cupit
629 3859 709 3911 Lnoh.
729 3859 847 3921 because,
868 3861 932 3913 with
953 3870 1034 3923 curat,
1054 3864 1217 3912 intentarem
1235 3861 1321 3912 would

159 3943 241 3995 stane
255 3943 289 3994 he
305 3957 364 4007 says
379 3943 420 3992 ior
434 3957 469 3992 un
484 3942 636 4001 aoemetivu
653 3943 706 3992 und
720 3942 749 3992 in
763 3943 821 3993 thot
836 3959 894 3994 ense
909 3945 985 3995 Inter.
997 3944 1081 3994 would
1096 3945 1171 3994 make
1187 3944 1209 3995 it
1225 3959 1320 4007 goveni

159 4025 273 4078 another
283 4026 436 4083 necunutive,
447 4023 547 4087 though
562 4024 597 4074 he
612 4024 700 4074 011000
716 4024 773 4075 that
789 4025 894 4075 Ennius
910 4025 971 4075 does
982 4029 1029 4077 not
1044 4026 1149 4077 observo
1161 4025 1225 4075 euoh
1236 4041 1252 4076 o
1262 4027 1318 4084 low,

159 4122 191 4158 us
202 4105 232 4154 in
242 4107 336 4155 audere
348 4107 478 4169 repremit:
490 4120 506 4155 0
518 4104 657 4154 nomewhnt
667 4103 821 4154 tur-letehed
832 4105 995 4157 distinction:
1008 4121 1051 4157 nee
1062 4109 1137 4157 notes
1148 4108 1172 4155 2.
1270 4106 1320 4155 240

158 4189 288 4252 protrudit
310 4187 401 4237 Lamb.
421 4188 462 4236 for
479 4189 607 4250 protudit:
634 4201 663 4236 00
685 4188 734 4236 200
749 4189 868 4250 procudit
887 4188 957 4237 Flor.
965 4189 996 4236 31
1015 4189 1103 4239 camb.
1124 4191 1173 4238 ete.
1207 4185 1278 4236 Flor.
1287 4188 1319 4237 29

160 4268 237 4320 rendi
248 4269 311 4319 with
322 4269 393 4319 Nino.
402 4272 523 4334 protulit:
535 4268 648 4319 Politinn
658 4269 688 4318 in
698 4284 779 4331 marg.
790 4269 839 4319 hoe
846 4261 974 4333 prirtndit3
993 4269 1021 4318 ln
1033 4270 1080 4322 187
1091 4269 1125 4318 he
1136 4269 1213 4317 wrote
1226 4274 1250 4316 tr
1260 4281 1321 4316 over

161 4351 272 4403 thecel
287 4351 422 4402 cuduntur.
520 4352 569 4402 250
579 4349 632 4402 ond
642 4351 699 4411 251,
711 4352 760 4402 200
770 4350 823 4402 end
840 4351 902 4401 261:
920 4349 1075 4400 1101101
1090 4350 1164 4399 Junt.
1181 4347 1239 4397 first
1254 4345 1320 4399 hove
