3092 4984
853 299 871 362 1

367 454 505 540 quicque
527 476 586 519 sue
606 452 647 519 de
669 452 807 519 materie
827 452 1036 539 grandescere
1057 455 1173 542 edique.
1208 478 1211 487 ¹

366 558 430 623 huc
451 558 576 623 accedit
597 558 647 622 uti
669 558 738 623 sine
761 559 856 623 certis
878 559 1035 625 imbribus
1058 561 1135 626 anni

366 663 521 741 laetificos
542 671 685 748 nequeat
706 663 793 728 fetus
815 663 1007 729 submittere
1028 665 1126 730 tellus

366 790 427 832 uec
447 789 541 852 porro
563 775 685 831 secreto
704 766 777 831 cibo
798 775 917 831 natura
938 767 1143 833 animantum

366 893 542 957 propagare
563 894 666 956 genus
687 871 789 956 possit
810 872 976 957 vitemque
999 874 1103 953 tueri;
1193 936 1196 949 ,
1260 922 1272 951 r

367 985 406 1041 nt
426 977 535 1063 potius
556 977 669 1041 multis
691 977 876 1041 communie
897 998 1028 1061 corpore
1050 978 1145 1042 rebus

366 1083 471 1148 multe
491 1091 587 1168 putes
609 1103 686 1157 esse,
708 1089 748 1145 ut
769 1081 875 1145 verbis
897 1080 1059 1145 elementa
1079 1081 1235 1161 videmus,

367 1206 465 1272 quam
487 1184 556 1248 sine
578 1183 744 1269 principiis
766 1182 867 1246 ullam
889 1205 959 1247 rem
982 1182 1119 1248 existere
1141 1206 1243 1269 posse

366 1287 506 1372 denique
527 1308 585 1349 cur
605 1284 753 1349 homines
775 1292 884 1348 tentos
905 1291 1023 1349 natura
1043 1307 1155 1371 parare

366 1412 431 1453 non
453 1387 569 1473 potuit,
592 1387 728 1471 pedibus
750 1386 808 1472 qui
830 1394 967 1472 pontum
989 1387 1152 1472 pervade
1174 1395 1305 1473 possent
1374 1405 1441 1454 200

366 1493 503 1558 transire
526 1501 559 1557 et
581 1513 715 1576 magnos
736 1491 888 1556 manibus
910 1491 1063 1557 divellere
1084 1495 1205 1559 montis

367 1596 534 1679 multoque
557 1593 695 1658 vivendo
717 1593 831 1658 vitalia
851 1594 979 1658 vincere
1000 1595 1112 1671 saecla,

367 1701 394 1766 si
416 1721 490 1775 non,
512 1696 664 1762 materies
686 1697 764 1783 quie
784 1698 881 1763 rebus
902 1698 1029 1763 reddite
1050 1708 1169 1764 certost

366 1803 539 1891 gignundis
561 1825 580 1868 e
601 1825 667 1889 que
687 1811 814 1868 constat
836 1802 915 1888 quid
935 1803 1036 1889 possit
1057 1803 1155 1869 oririt

367 1910 414 1976 nil
435 1910 537 1996 igitur
557 1908 627 1972 fieri
649 1907 690 1972 de
711 1907 779 1971 nilo
800 1929 892 1992 posse
915 1906 1121 1985 fatendumst,
1374 1923 1435 1987 205

366 2011 489 2078 semine
511 2010 640 2097 quondo
663 2031 743 2094 opus
765 2018 816 2074 est
837 2009 931 2074 rebus
954 2031 1017 2094 quo
1040 2030 1188 2095 quaeque
1209 2017 1336 2074 crestae

366 2117 449 2182 ceris
471 2117 505 2181 in
527 2124 655 2180 teneres
678 2114 803 2200 possint
823 2113 995 2199 proferrier
1015 2136 1119 2178 ouras

366 2227 528 2305 postremo
550 2217 705 2304 quoniam
725 2215 857 2301 incultis
878 2225 1042 2302 praestare
1063 2215 1210 2280 videmus

366 2324 454 2388 culte
474 2322 544 2387 1000
565 2331 599 2387 et
620 2321 771 2386 manibus
794 2321 933 2386 melioris
955 2320 1089 2386 reddere
1110 2321 1204 2400 fetus,

367 2450 435 2494 esse
457 2427 606 2492 videlicet
628 2426 664 2490 in
685 2426 780 2491 terrie
801 2424 977 2510 primordia
998 2447 1106 2490 rerum
1373 2441 1439 2490 210

366 2553 450 2618 quoe
472 2552 530 2595 nos
551 2529 704 2595 fecundus
725 2538 890 2594 vertentes
911 2552 1040 2594 vomere
1061 2530 1172 2615 glebas

365 2640 528 2726 terraique
549 2638 653 2703 solum
675 2637 863 2723 subigentes
884 2637 987 2702 cimus
1009 2638 1051 2703 ad
1072 2647 1173 2703 ortus.

366 2745 453 2832 quod
475 2744 502 2810 si
524 2744 615 2808 nulls
636 2742 749 2819 forent,
771 2751 881 2806 nostro
903 2741 972 2806 sine
995 2764 1143 2828 quaeque
1165 2741 1273 2806 labore

339 2920 342 2927 ,
366 2858 480 2937 sponte
502 2870 561 2913 000
583 2847 686 2911 multo
707 2847 778 2911 fieri
800 2846 935 2912 meliora
954 2847 1087 2912 videres,

408 2953 485 3017 Huc
505 2950 628 3017 accedit
649 2949 700 3015 uti
721 2949 861 3035 quicque
882 2949 918 3014 in
940 2971 999 3014 sue
1020 2971 1152 3035 corpora
1172 2972 1300 3014 mrsum
1373 2966 1434 3032 2¹5

364 3055 518 3122 dissoluat
539 3062 658 3121 netum
678 3073 786 3136 neque
808 3052 849 3116 ed
871 3052 976 3117 nilum
998 3052 1172 3118 interemat
1194 3075 1253 3118 res.

365 3184 442 3227 nam
464 3159 570 3246 siquid
592 3156 729 3223 mortale
750 3178 768 3223 e
789 3157 913 3222 cunctis
935 3155 1082 3242 pertibus
1103 3166 1195 3232 esset,

365 3288 406 3331 ex
427 3263 527 3329 oculis
548 3283 600 3326 res
621 3279 769 3346 queeque
793 3267 925 3344 repente
948 3266 1060 3344 erepte
1080 3257 1208 3344 periret

363 3367 455 3433 00110
475 3365 508 3430 vi
530 3364 612 3430 foret
634 3383 711 3429 usus
732 3360 822 3425 enim
843 3381 926 3445 quae
947 3359 1094 3445 pertibus
1116 3359 1186 3424 eius
1251 3430 1255 3435 ,
1346 3424 1350 3435 ,

361 3471 536 3537 discidium
557 3488 670 3555 perere
692 3475 727 3532 et
748 3487 851 3531 nexus
874 3464 1036 3530 exsolvere
1057 3471 1176 3550 posset.
1372 3481 1439 3531 220

365 3575 452 3661 quod
472 3595 568 3649 nunc,
591 3580 722 3636 aeterno
745 3570 824 3656 quie
844 3579 994 3636 constant
1015 3570 1138 3634 semine
1160 3590 1317 3654 quaeque,

364 3677 465 3741 donec
487 3676 536 3738 vis
558 3674 639 3738 obiit
660 3694 744 3758 quae
767 3694 817 3736 res
840 3671 1022 3737 diverberet
1043 3671 1112 3736 ictu

364 3787 423 3843 eut
444 3777 533 3841 intus
553 3783 703 3860 penetret
724 3795 783 3859 per
804 3773 915 3839 inania
936 3774 1163 3859 dissoluetque,

362 3879 483 3943 nullius
507 3876 645 3942 exitium
665 3876 791 3961 petitur
812 3883 930 3940 natura
952 3875 1062 3941 videri.

362 3989 530 4068 praeterea
552 3998 774 4064 quoecumque
798 3985 961 4042 vetustate
984 3985 1113 4042 emovet
1137 3984 1237 4052 cetus,
1370 3992 1434 4058 225

362 4085 390 4151 si
412 4083 542 4170 penitus
564 4080 702 4167 peremit
724 4101 917 4144 consumens
939 4080 1109 4145 materiem
1131 4101 1270 4155 omnem,

274 4297 323 4347 tot
337 4294 435 4358 poesim
446 4290 521 4340 Pont
532 4287 590 4338 Aru
602 4288 615 4337 l
631 4287 705 4337 sunt.
723 4286 763 4336 tor
774 4293 887 4350 pusca:
904 4301 920 4336 0
930 4285 1028 4347 change
1038 4284 1123 4334 which
1133 4282 1187 4333 will
1201 4282 1274 4333 often
1288 4280 1354 4331 heve
1365 4282 1393 4329 to
1403 4279 1438 4332 be

274 4376 363 4428 mede:
381 4388 444 4426 mss.
457 4388 499 4424 ure
510 4386 581 4422 more
592 4373 637 4432 ept
648 4371 733 4433 toput
741 4376 839 4432 postem
851 4369 890 4417 tor
897 4371 993 4432 pertint
1004 4366 1069 4417 than
1080 4366 1135 4416 vice
1146 4379 1228 4415 verse.
1305 4363 1353 4411 215
1366 4364 1437 4425 qute-
