3092 4984
811 333 859 398 IV

341 489 460 574 partim
483 497 597 574 sponte
619 510 678 552 sue
699 510 784 574 quae
803 487 887 554 fiunt
910 510 984 554 eere
1007 491 1042 554 in
1064 492 1142 577 ipso,

342 594 462 680 partim
484 615 567 678 quae
588 593 686 658 variis
709 593 751 658 eb
774 594 870 658 rebus
892 616 1030 679 cumque
1052 596 1207 661 recedunt

343 707 377 762 et
398 718 482 780 quae
503 695 648 760 confiunt
670 717 711 759 ex
733 696 849 759 horum
872 695 958 761 fecte
979 697 1099 782 figuris.

343 820 419 862 nam
442 806 528 861 certe
551 819 591 861 ex
613 796 686 860 vivo
709 796 866 862 Centauri
888 820 952 862 non
974 798 1013 863 fit
1033 800 1148 884 imago,

344 902 434 966 nulla
455 901 518 965 fuit
540 901 693 985 quoniam
716 900 791 963 talis
812 908 929 964 natura
951 902 1142 982 animantem
1345 920 1410 986 740

343 1027 456 1069 verum
477 1004 535 1068 ubi
557 1002 633 1087 equi
655 1011 753 1088 atque
776 1002 917 1067 hominis
939 1025 1014 1067 casu
1037 1006 1324 1091 convenit'imego,

342 1108 502 1173 haerescit
522 1108 614 1172 facile
637 1107 810 1192 extemplo,
833 1107 920 1192 quod
942 1106 1083 1172 diximus
1105 1117 1190 1186 ante,

344 1223 476 1300 propter
497 1212 649 1277 subtilem
672 1220 824 1276 naturam
847 1219 881 1276 et
903 1212 1014 1276 tenvia
1036 1220 1135 1279 texte

344 1325 453 1380 cetera
474 1315 515 1379 de
535 1336 653 1400 genere
675 1314 735 1378 hoo
758 1312 872 1378 eedem
894 1313 1020 1379 ratione
1041 1325 1200 1381 creantur.

344 1441 428 1505 quee
450 1441 523 1483 cum
545 1417 709 1482 mobiliter
730 1440 858 1481 summe
878 1418 1013 1484 levitate
1034 1419 1190 1500 feruntur,
1345 1435 1405 1505 745

344 1530 383 1587 nt
404 1522 494 1608 prius
517 1519 650 1597 ostendi,
673 1518 767 1583 facile
788 1540 854 1582 uno
877 1528 1057 1585 commovet
1077 1519 1145 1585 ictu

345 1628 509 1714 quaelibet
530 1648 597 1690 une
618 1626 765 1690 enimum
787 1624 880 1690 nobis
903 1626 1032 1691 subtilis
1054 1626 1179 1713 imeg03

345 1733 452 1797 tenvis
475 1730 563 1796 enim
585 1752 678 1794 mens
701 1738 751 1793 est
773 1736 808 1793 et
829 1729 911 1793 mire
933 1729 1062 1793 mobilis
1084 1730 1164 1815 ipse

388 1836 481 1900 Haeo
502 1833 572 1898 fieri
595 1842 633 1898 ut
655 1854 806 1909 memoro,
830 1831 922 1896 facile
944 1832 1021 1897 hino
1042 1855 1229 1919 cognoscere
1251 1835 1359 1920 possis.

346 1949 506 2027 quatenus
527 1938 587 2001 hoc
609 1936 713 2000 simile
736 1945 787 2000 est
808 1936 865 2012 illi,
889 1937 976 2022 quod
998 1947 1109 2003 mente
1131 1938 1277 2004 videmus
1348 1954 1413 2022 750

345 2051 445 2128 etque
465 2040 573 2117 oculis,
596 2039 693 2103 simili
715 2038 786 2103 fieri
807 2039 932 2103 ratione
955 2061 1083 2104 necesse
1106 2048 1162 2106 est.

345 2170 432 2212 nunc
454 2146 554 2231 igitur
575 2144 668 2208 docui
690 2143 844 2227 quoniam
866 2166 919 2208 me
941 2143 1024 2209 forte
1046 2144 1173 2210 leonem

346 2270 473 2314 cernere
495 2269 553 2332 per
574 2244 751 2320 simulacra,
776 2245 882 2308 oculos
904 2265 1126 2331 quaecumque
1148 2248 1317 2325 lacessunt,

346 2354 425 2418 scire
448 2352 523 2415 licet
545 2358 688 2412 mentem
711 2348 810 2410 simili
832 2349 958 2412 ratione
979 2351 1109 2427 moveri,

344 2478 403 2541 per
424 2451 594 2518 simulacra
615 2451 741 2515 leonem
764 2461 798 2515 et
820 2461 927 2515 cetere
948 2474 1032 2536 queo
1053 2454 1143 2519 videt
1165 2478 1268 2543 oeque
1349 2474 1409 2543 755

345 2580 404 2624 neo
425 2556 534 2623 minus
556 2563 654 2637 atque
676 2554 767 2630 oculi,
791 2554 853 2617 nisi
876 2555 962 2639 quod
984 2578 1078 2642 mage
1100 2560 1212 2623 tenvia
1232 2563 1343 2628 cernit

344 2684 404 2727 nec
425 2659 550 2724 ratione
573 2659 644 2732 ulie,
668 2680 742 2722 cum
764 2680 896 2723 somnus
917 2661 1065 2725 membre
1086 2662 1238 2747 profudit,

344 2788 437 2831 mens
458 2763 560 2827 enimi
581 2762 703 2847 vigilet,
726 2762 789 2826 nisi
812 2762 899 2845 quod
922 2764 1092 2829 simulacre
1113 2765 1275 2833 lacessunt

343 2871 424 2935 haec
445 2866 559 2933 eadem
581 2875 706 2931 nostros
728 2866 852 2931 animos
874 2891 957 2953 quse
979 2890 1054 2933 cum
1076 2870 1253 2956 vigilemus,

313 3017 316 3024 ›
345 2994 447 3057 usque
470 2969 557 3047 adeo,
580 2977 666 3033 certe
688 2978 726 3033 ut
748 2968 916 3034 videamur
938 2993 1067 3036 cernere
1089 2994 1165 3038 eum
1187 2997 1286 3059 quem
1350 2977 1415 3060 760

345 3075 470 3141 rellicta
490 3073 561 3138 vite
581 3073 647 3136 iam
670 3094 754 3136 mors
777 3079 811 3136 et
832 3081 920 3137 terre
940 3073 1083 3159 potitust

345 3180 406 3245 hoc
428 3179 500 3243 ideo
522 3177 593 3242 fieri
615 3177 701 3262 cogit
722 3184 847 3253 nature,
871 3177 958 3261 quod
980 3200 1091 3244 omnes

345 3283 483 3370 eorporis
506 3281 613 3346 offecti
634 3303 745 3346 sensus
766 3303 825 3366 per
846 3281 992 3346 membre
1013 3284 1182 3368 quiescunt

259 3496 324 3545 Mer.
340 3495 414 3545 Junt.
432 3494 472 3542 lor
488 3494 644 3554 Οτηηίραιιω.
679 3495 841 3554 omnigenum
857 3492 928 3542 Nico.
1026 3493 1074 3544 ‘136
1084 3494 1154 3557 fiunt
1165 3493 1230 3543 Mur.
1242 3494 1321 3544 Aldu
1338 3495 1413 3546 sunt.

259 3578 372 3639 forflunt
383 3576 413 3632 Δ,
420 3578 507 3638 fluunt
518 3575 563 3623 ΒΔ
570 3590 633 3623 corr.
732 3577 781 3628 740
797 3578 883 3624 eninm
895 3575 948 3632 ΑΒ,
960 3577 1058 3625 animai
1069 3576 1140 3625 Nico.
1152 3575 1203 3625 and
1215 3577 1250 3625 ull
1261 3577 1347 3628 before
1358 3578 1413 3627 Gil.

258 3659 376 3706 aniculis
387 3655 477 3703 Lamb.
490 3654 529 3703 ed.
542 3656 557 3704 3
568 3655 636 3716 vulg.
653 3654 735 3704 Lech.
768 3658 904 3705 animetis
923 3657 975 3706 Gil.
988 3659 1057 3706 most
1074 3658 1200 3721 properly,
1213 3673 1242 3707 es
1259 3660 1336 3709 Luor.
1351 3659 1413 3711 does

258 3737 305 3785 not
315 3749 362 3783 nee
373 3734 418 3783 the
430 3734 591 3783 substantive
601 3738 698 3783 oninml
713 3736 742 3783 in
753 3736 799 3786 the
811 3738 932 3798 singular,
945 3741 1034 3801 except
1045 3754 1062 3788 v
1072 3741 1129 3797 823,
1141 3739 1225 3789 where
1236 3755 1305 3790 omne
1317 3744 1414 3792 animal

258 3816 282 3864 ie
301 3814 448 3875 equivalent
465 3816 493 3862 to
510 3816 593 3862 omnio
613 3816 750 3863 animalia:
768 3829 811 3865 see
830 3820 905 3866 notes
925 3820 940 3865 2
957 3818 1039 3868 thero.
1139 3820 1186 3872 741
1201 3822 1245 3869 uti
1263 3824 1321 3885 equi
1338 3831 1414 3886 atquc

259 3897 365 3946 hominis
376 3910 444 3942 cocu.
477 3896 521 3943 oti
538 3897 595 3956 equi
610 3910 670 3943 casu
686 3903 761 3957 atque
777 3898 882 3946 hominio
893 3898 973 3948 Isoch.
985 3899 1043 3949 who
1060 3898 1149 3950 denies
1160 3900 1218 3950 thot
1234 3901 1280 3950 the
1291 3902 1342 3951 lost
1354 3904 1413 3966 eyll.
1490 3968 1493 3973 Ι

258 3976 285 4025 of
301 3991 335 4024 on
345 3975 447 4023 iambus
458 3974 482 4022 ie
493 3988 552 4023 ever
567 3973 652 4022 elided
667 3976 696 4024 in
712 3975 788 4025 Luor.
887 3979 934 4030 752
956 3982 1030 4030 doctri
1045 3984 1171 4045 quoniam.
1205 3986 1324 4045 quoniam
1340 3987 1415 4036 docui

258 4056 350 4107 Lumb.
363 4054 493 4105 eumd
505 4058 528 4113 3,
541 4059 589 4104 etc.
602 4054 653 4104 und
663 4056 743 4105 Lech.
778 4058 1128 4111 leovumLaoh.lorleonom.
1163 4065 1241 4113 hones
1253 4065 1413 4115 Mer.Ald.l

259 4141 333 4190 runt.
351 4137 420 4200 vulg.
519 4139 566 4189 753
584 4140 675 4187 leonem
691 4146 714 4187 et
731 4147 813 4188 cetera
827 4140 906 4189 Lech.
918 4142 958 4190 for
977 4145 1073 4193 leonum
1091 4152 1185 4194 cetero:
1203 4152 1226 4194 et
1242 4160 1294 4195 was
1310 4146 1415 4212 already

259 4219 342 4271 added
351 4220 385 4283 by
396 4220 461 4268 Mer.
473 4218 531 4269 Alo.
542 4219 555 4267 l
567 4218 619 4268 end
630 4219 718 4269 Juntz
735 4220 828 4269 Lumb.
840 4221 935 4270 Oreech
946 4222 1020 4272 Wuk.
1033 4224 1068 4273 ull
1080 4223 1190 4274 blunder
1201 4224 1276 4289 sndly
1286 4225 1357 4277 here.

292 4303 339 4355 761
356 4302 465 4351 Remoto
476 4303 530 4350 vito
541 4301 617 4351 Bern.
630 4301 670 4349 lor
680 4301 791 4349 Reddita
801 4303 864 4359 vita,
877 4301 929 4351 und
939 4303 1026 4353 before
1036 4303 1093 4354 him
1104 4306 1140 4355 Ie.
1152 4305 1228 4356 Voss.
1240 4306 1268 4355 in
1278 4322 1328 4356 ms.
1337 4310 1413 4359 notes

260 4387 376 4436 ‘Relicto
393 4387 456 4445 etto,
468 4384 559 4436 melini
576 4386 665 4436 tumen
681 4384 793 4435 Reddite
807 4383 893 4436 medie
911 4385 1036 4448 producte
1054 4390 1085 4437 ut
1102 4388 1268 4440 Salmasius&
1302 4391 1413 4441 Reddita
