3092 4984
810 339 865 404 III

346 505 482 563 naturae
504 497 660 583 cuiusque
680 495 785 561 animi
807 495 945 581 vestigia
965 496 1080 582 prima

345 625 406 668 nec
427 602 581 667 radicitus
604 600 699 666 evelli
721 600 809 666 mala
829 621 922 685 posse
943 600 1167 684 putandumst,

346 705 427 789 quin
448 703 619 790 proclivius
641 702 694 768 hic
716 703 780 767 iras
802 701 950 767 decurrat
972 703 1013 767 ad
1036 703 1126 781 acris,

345 808 401 873 ille
424 816 514 873 metu
536 806 632 871 citius
653 806 751 891 paulo
773 814 962 892 temptetur,
985 815 1020 871 at
1042 806 1098 872 ille

346 911 464 976 tertius
485 910 622 995 accipiat
644 908 804 994 quaedam
826 909 1019 974 clementius
1041 932 1153 995 aequo.

346 1015 445 1101 inque
468 1015 539 1079 aliis
562 1016 657 1079 rebus
680 1013 792 1078 multis
814 1014 943 1078 differre
965 1023 1127 1080 necessest

345 1131 478 1185 naturas
500 1120 669 1184 hominum
692 1119 797 1206 varias
818 1140 987 1202 moresque
1010 1119 1173 1203 sequacis3

346 1245 483 1309 quorum
506 1244 565 1307 ego
587 1244 674 1286 nunc
695 1243 821 1305 nequeo
844 1243 955 1284 caecas
977 1243 1137 1305 exponere
1159 1244 1270 1286 causas

349 1350 408 1392 nec
429 1327 569 1413 reperire
592 1327 768 1411 figurarum
791 1333 841 1390 tot
863 1326 996 1389 nomina
1017 1335 1098 1410 quot
1120 1334 1198 1391 sunt

345 1432 519 1516 principiis
542 1417 629 1496 unde
651 1432 731 1495 haec
753 1431 856 1495 oritur
877 1430 1039 1494 variantia
1060 1452 1176 1495 rerum.

345 1533 427 1597 illud
448 1533 483 1597 in
506 1533 556 1597 his
579 1534 675 1597 rebus
696 1533 808 1597 videor
829 1532 957 1596 firmare
979 1540 1114 1618 potesse,

346 1660 448 1723 usque
470 1638 550 1703 adeo
572 1646 762 1702 naturarum
786 1637 923 1721 vestigia
944 1637 1048 1721 linqui

345 1741 477 1826 parvola
498 1762 581 1826 quae
603 1749 746 1825 nequeat
767 1739 850 1803 ratio
873 1737 1034 1822 depellere
1056 1738 1157 1817 nobis

346 1851 384 1907 ut
405 1841 453 1906 nil
475 1841 622 1928 inpediat
644 1841 777 1926 dignam
798 1840 849 1905 dis
872 1840 988 1925 degere
1010 1841 1121 1906 vitam.

389 1946 481 2011 Haec
502 1946 602 2032 igitur
623 1955 741 2011 natura
762 1954 894 2011 tenetur
916 1968 1045 2031 corpore
1067 1946 1109 2010 ab
1131 1946 1219 2010 omni

255 2132 259 2137 η
346 2050 480 2138 ipsaque
502 2051 640 2138 corporis
662 2059 712 2116 est
733 2060 841 2116 custos
862 2057 896 2115 et
918 2072 1015 2114 causa
1036 2050 1169 2130 salutis3

346 2177 423 2219 nam
446 2155 671 2220 communibus
693 2155 780 2220 inter
801 2178 835 2220 se
858 2155 1018 2220 radicibus
1040 2155 1177 2220 haerent

346 2282 406 2325 neo
428 2260 498 2325 siue
519 2260 661 2345 pernicie
683 2259 793 2324 divelli
815 2281 907 2345 posse
929 2259 1088 2325 videntur.

346 2362 432 2447 quod
453 2384 555 2446 genus
577 2383 596 2426 e
618 2361 724 2426 thuris
745 2362 868 2447 glaebis
890 2361 1026 2427 evellere
1049 2361 1179 2427 odorem

345 2465 433 2529 haud
455 2465 548 2530 facile
571 2474 621 2530 est
643 2466 723 2552 quin
746 2466 887 2532 intereat
908 2476 1026 2531 natura
1047 2488 1176 2551 quoque
1198 2466 1274 2531 eius.

346 2570 391 2635 sic
412 2570 514 2634 animi
535 2579 634 2657 atque
656 2572 785 2637 animae
807 2581 957 2637 naturam
980 2592 1110 2656 corpore
1132 2579 1202 2636 toto

346 2675 514 2741 extrahere
536 2678 617 2742 haut
639 2676 731 2741 facile
754 2686 805 2742 est
826 2677 906 2763 quin
929 2675 1038 2741 omnia
1060 2675 1284 2741 dissoluantur.

346 2777 481 2863 inpleris
503 2780 551 2844 ita
572 2780 738 2866 principiis
760 2781 803 2845 ab
825 2781 947 2866 origine
969 2781 1075 2866 prima

346 2878 432 2945 inter
453 2903 487 2945 se
510 2881 594 2946 fiunt
616 2884 755 2947 consorti
777 2882 926 2968 praedita
947 2884 1023 2961 vita,

344 3003 404 3046 nec
425 2983 487 3047 sibi
508 3007 656 3070 quaeque
678 2985 747 3050 sine
769 2986 903 3051 alterius
925 2986 958 3050 vi
980 3008 1072 3071 posse
1094 2985 1225 3051 videtur

345 3086 484 3170 corporis
506 3095 604 3171 atque
626 3087 727 3151 animi
749 3110 892 3152 seorsum
915 3089 1035 3152 sentire
1057 3096 1208 3173 potestas,

346 3186 402 3251 sed
424 3189 649 3254 communibus
672 3190 758 3254 inter
781 3213 835 3255 eas
858 3190 1017 3254 conflatur
1040 3190 1205 3274 utrimque

344 3290 486 3355 motibus
508 3313 657 3356 aecensus
680 3292 772 3356 uobis
793 3314 853 3377 per
874 3292 995 3355 viscera
1017 3314 1135 3357 seusus

344 3405 513 3479 praeterea
534 3418 648 3482 corpus
669 3419 728 3482 per
750 3419 784 3461 se
807 3419 866 3462 uec
887 3397 1033 3482 gignitur
1054 3390 1209 3482 umquam

344 3519 404 3563 nec
426 3500 538 3564 crescit
560 3522 666 3586 neque
688 3510 760 3586 post
782 3511 920 3566 mortem
943 3502 1058 3566 durare
1079 3502 1216 3567 videtur.

344 3623 411 3665 non
433 3604 529 3679 enim,
552 3613 590 3668 ut
613 3628 705 3669 umor
726 3628 831 3690 aquae
854 3605 993 3670 dimittit
1014 3628 1110 3691 saepe
1132 3628 1284 3692 vaporem

345 3704 402 3786 qui
423 3705 519 3770 datus
542 3715 598 3784 est,
621 3730 728 3793 neque
750 3731 789 3773 ea
809 3732 906 3775 causa
927 3711 1118 3775 convellitur
1139 3711 1217 3797 ipse,
1350 3729 1418 3793 340

257 3911 363 3967 utrumn
380 3912 447 3955 cecat
462 3906 541 3956 Bern.
640 3909 689 3959 303
705 3909 821 3959 Naturae
839 3911 904 3962 Mar.
922 3914 996 3964 Jnnt.
1015 3915 1056 3965 for
1072 3916 1182 3965 Natura.
1280 3918 1329 3968 317
1346 3927 1417 3980 quot.

258 3988 324 4051 quod
332 3986 385 4046 AB,
397 3986 481 4038 which
497 3989 574 4038 Luor.
587 4000 647 4054 may
658 3990 724 4041 have
735 3992 851 4043 written:
872 4010 900 4044 so
916 4000 981 4059 quod
995 4000 1035 4047 vir
1047 3999 1091 4046 AB
1103 3998 1132 4047 in
1144 4000 1220 4050 1090:
1238 3998 1371 4060 Augustus
1385 3999 1418 4050 in

257 4066 300 4118 hir
311 4082 352 4117 rea
364 4070 450 4129 gestae
460 4069 545 4119 writes
559 4072 677 4134 uliquod;
696 4086 724 4121 cs
736 4072 798 4122 does
810 4073 832 4121 B
847 4073 876 4122 in
887 4090 914 4123 vr
925 4079 987 4127 317:
1005 4080 1087 4140 capim
1098 4079 1120 4126 Α
1135 4078 1196 4128 orB
1209 4078 1364 4140 repeatedly.

290 4148 538 4200 ulscisceretur
557 4150 597 4200 lor
614 4153 695 4201 uideo.
723 4155 828 4217 fimare
846 4154 904 4204 Ver.
923 4156 987 4205 Ven.
1005 4159 1046 4207 tor
1061 4161 1181 4222 sonuere.
1279 4161 1327 4209 321
1344 4163 1418 4211 notia

258 4229 339 4280 Lech.
354 4229 395 4279 lor
408 4235 496 4281 noctu.
531 4233 607 4282 dictis
624 4232 689 4282 Mar.
703 4234 785 4283 Alul
805 4235 879 4285 dunt.
895 4236 987 4286 Lamb.
1005 4239 1073 4288 adl
1091 4238 1144 4289 and
1163 4239 1187 4288 3.
1220 4239 1301 4289 doctis
1319 4240 1417 4290 bamb.

258 4313 298 4364 ed.
310 4316 335 4364 3
422 4316 471 4364 333
480 4316 549 4379 ficut
560 4318 756 4367 cmuorti...eitu
767 4317 833 4368 Mar.
846 4318 920 4368 Junt.
933 4319 973 4368 lor
983 4322 1277 4384 consortifiuut...citue.
1365 4324 1418 4372 333

256 4395 356 4460 though
368 4396 459 4458 round,
471 4397 494 4448 ir
505 4397 584 4448 much
591 4399 728 4462 corrupted
738 4399 773 4462 by
783 4399 849 4450 Mar.
860 4400 935 4450 sunt.
947 4400 1039 4451 hamb.
1051 4401 1120 4464 vulg.
1219 4402 1267 4452 335
1279 4416 1321 4451 ιω
1332 4401 1418 4453 Lech.
