3092 4984
796 307 850 374 IV

329 485 431 549 usque
451 463 532 530 adeo
551 463 662 548 magni
684 462 784 527 refert
809 462 954 527 studium
977 471 1076 548 atquc
1098 463 1255 549 voluptas,

329 577 362 634 et
380 568 499 654 quibus
515 567 551 632 in
572 569 668 633 rebus
689 568 876 632 consuerint
893 590 961 633 esse
980 568 1104 653 operati
1331 569 1392 650 985

328 694 394 737 non
412 671 559 736 homines
581 672 685 736 solum
707 672 763 736 sed
783 694 859 737 vero
881 672 1034 736 animalia
1053 680 1177 738 cuncta

328 776 448 862 quippe
467 775 591 840 videbis
608 797 707 860 equos
728 775 827 854 sortis,
853 798 927 840 cum
947 775 1094 841 membra
1115 776 1276 851 iacebunt,

329 880 501 945 insomnis
519 878 634 943 sudare
654 887 765 944 tamen
784 880 969 965 spirareque
989 901 1116 964 semper

330 994 364 1050 et
386 977 478 1070 qu‘asi
500 983 541 1048 de
562 984 671 1069 palma
692 1006 835 1048 summas
856 984 1049 1049 contendere
1066 967 1157 1062 airis,

330 1097 388 1152 aut
410 1089 502 1174 quasi
525 1087 703 1153 carceribus
724 1087 895 1172 patefactis
1332 1105 1399 1172 990

243 1212 309 1277 999
330 1201 571 1275 venantumque
593 1212 688 1254 canes
710 1191 744 1252 in
767 1190 858 1254 molli
880 1213 975 1276 saepe
998 1191 1109 1276 quiete

243 1314 304 1378 991
316 1295 454 1359 iactant
475 1316 568 1358 crura
589 1301 699 1357 tamen
722 1293 830 1357 subito
852 1292 1001 1378 vocisque
1023 1303 1157 1378 repente

331 1397 469 1461 mittunt
491 1403 525 1460 et
546 1396 656 1460 crebro
678 1394 859 1460 redducunt
880 1395 1012 1460 naribus
1034 1418 1136 1474 auras,

329 1508 367 1564 ut
389 1498 525 1583 vestigia
546 1498 573 1562 si
595 1505 730 1562 teneant
752 1498 887 1563 inventa
908 1497 1057 1574 ferarum,

330 1601 608 1687 expergefactique
630 1611 784 1666 secuntur
804 1601 914 1665 inania
933 1623 1029 1687 saepe
1332 1615 1394 1683 995

243 1718 304 1787 995
330 1726 496 1769 cervorum
517 1704 695 1779 simulacra,
718 1703 815 1789 fugae
836 1704 928 1789 quasi
950 1703 1062 1768 dedita
1082 1712 1223 1780 cernant,

330 1808 431 1873 donec
453 1808 601 1873 discussis
623 1807 758 1873 redeant
781 1808 940 1872 erroribus
963 1808 1005 1872 ad
1027 1830 1069 1872 se.

330 1919 366 1977 at
387 1922 541 1977 consueta
561 1910 649 1976 domi
671 1911 851 1976 catulorum
874 1911 994 1975 blanda
1015 1932 1155 1996 propago

243 2019 308 2099 998
331 2016 489 2082 discutere
512 2024 546 2082 et
568 2037 682 2100 corpus
704 2015 745 2079 de
767 2026 855 2079 terra
875 2015 1034 2100 corripere
1056 2014 1180 2079 instant
1333 2031 1399 2096 999

330 2120 465 2205 proinde
487 2119 579 2205 quasi
601 2120 728 2205 ignotas
750 2118 846 2183 facies
868 2126 967 2204 atque
989 2140 1045 2183 ora
1066 2126 1209 2184 tuantur.
1317 2135 1399 2196 1004

331 2231 365 2287 et
387 2246 451 2309 quo
473 2245 620 2308 quaeque
643 2223 745 2307 magis
766 2231 844 2287 sunt
865 2243 979 2307 aspera
999 2221 1217 2299 seminiorum,

331 2335 400 2390 tam
422 2327 525 2411 magis
546 2327 582 2390 in
604 2326 724 2390 somnis
746 2326 859 2390 eadem
881 2327 1003 2391 saevire
1025 2334 1196 2390 necessust

330 2439 366 2494 at
389 2431 497 2494 variae
518 2429 649 2514 fugiunt
670 2430 815 2494 volucres
836 2430 1009 2515 pinnisque
1031 2437 1166 2515 repente

330 2533 505 2599 sollicitant
525 2532 634 2597 divom
656 2542 812 2597 nocturno
834 2542 979 2618 tempere
1000 2533 1097 2609 lucos,

331 2639 498 2724 accipitres
520 2661 632 2703 somno
653 2639 689 2703 in
710 2639 777 2703 leni
799 2640 826 2703 si
848 2639 970 2723 proelia
990 2661 1116 2725 pugnes

332 2742 426 2808 edere
448 2750 525 2806 sunt
546 2750 765 2826 persectantes
787 2743 939 2827 visaeque
961 2742 1114 2807 volantes.
1317 2761 1400 2809 1010

331 2866 424 2930 porro
446 2844 614 2908 hominum
637 2853 770 2919 mentes,
794 2845 919 2929 magnis
941 2867 1025 2929 quae
1046 2847 1189 2911 motibus
1211 2847 1313 2912 edunt

331 2968 456 3031 magna
479 2945 593 3010 itidem
615 2968 710 3030 saepe
733 2947 768 3009 in
791 2946 910 3011 somnis
932 2946 1121 3031 faciuntque
1142 2957 1332 3034 gerantque,

331 3073 421 3136 reges
443 3058 639 3136 expugnant,
662 3049 844 3135 capiuntur,
867 3051 990 3135 proelia
1011 3051 1156 3129 miscent

268 3205 325 3269 '983
344 3217 482 3279 Scermiqae
501 3215 570 3267 Brix,
579 3216 616 3281 (1),
634 3216 710 3264 Pont.
729 3213 808 3264 Aldl
827 3215 902 3265 Junt.
918 3216 958 3264 tor
974 3217 1121 3279 Scenatqroe.
1220 3216 1268 3267 904
1284 3218 1400 3280 voluptas

243 3298 508 3349 Lachforoolantoa
607 3299 655 3348 989
672 3300 797 3360 deputem
808 3298 1010 3348 mmmcahamb.
1023 3299 1178 3362 torpuimus.
1203 3300 1399 3362 palmiehcorr.
1437 3261 1495 3402 ‘f

243 3387 314 3436 Nice.
333 3387 369 3436 all
386 3386 471 3435 before
491 3385 583 3435 hamb.
682 3387 731 3436 990
746 3401 818 3448 caepe
838 3388 919 3448 quiete
938 3384 1022 3434 which
1039 3399 1103 3435 mss.
1121 3383 1171 3434 edd
1189 3387 1216 3434 et
1236 3383 1286 3434 end
1304 3381 1353 3432 has
1372 3384 1400 3432 ot

243 3482 332 3518 course
343 3483 414 3518 coma
425 3469 492 3517 from
502 3469 550 3519 991
563 3468 629 3532 (999)
642 3466 695 3517 and
709 3466 864 3530 supplanted
875 3464 920 3516 the
930 3465 1012 3516 words
1024 3466 1051 3515 ot
1066 3466 1144 3515 Luor.
1177 3466 1294 3526 colligere
1304 3472 1399 3514 catam

242 3547 321 3597 Lech.
334 3548 423 3597 offers:
440 3551 502 3596 velle
520 3551 603 3597 colore
622 3547 706 3609 might
725 3547 781 3596 also
800 3545 841 3595 do.
939 3545 987 3596 991
1005 3545 1071 3610 (999)
1088 3560 1141 3594 was
1158 3544 1269 3607 brought
1284 3543 1347 3596 here
1365 3543 1400 3607 by

242 3628 321 3678 alal
340 3630 414 3680 Junt.
432 3629 484 3680 and
500 3630 534 3692 by
551 3630 630 3687 Mon,
650 3630 698 3679 but
717 3629 790 3679 there
807 3631 856 3680 998
874 3630 921 3679 999
941 3628 998 3692 (997
1016 3627 1074 3690 998)
1096 3625 1202 3689 precede
1220 3626 1250 3675 it.
1349 3627 1398 3677 999

242 3712 323 3758 occia:
341 3724 384 3759 see
402 3725 429 3759 11.
449 3713 477 3760 to
497 3726 506 3759 1
526 3712 575 3762 144
586 3712 681 3772 futuis.
714 3726 782 3760 vocae
798 3710 879 3760 Lech.
898 3709 967 3771 vulg.
1066 3710 1115 3759 996
1132 3710 1212 3772 saepae
1231 3709 1296 3758 Mar.
1316 3707 1397 3757 alal

243 3788 317 3836 Junt.
329 3787 387 3838 first
402 3789 523 3851 forsupe.
613 3790 662 3840 997
673 3791 776 3838 redeam
786 3792 909 3840 moribus
919 3789 1011 3838 hamb.
1023 3790 1090 3839 after
1101 3790 1238 3840 Turnebus
1248 3790 1288 3839 tor
1297 3792 1400 3840 redeant

243 3874 384 3920 εεπονίὸιω.
483 3872 643 3920 1000-1003
660 3886 703 3921 are
718 3873 816 3934 merely
826 3873 955 3923 999-995
966 3871 1086 3933 repeated
1096 3871 1398 3936 19ο11111601991(999)ε

244 3965 286 4000 see
305 3950 479 4000 introduction
501 3966 527 4014 p.
547 3953 588 4001 sl.
687 3953 751 4002 1005
776 3969 834 4016 quo.
867 3968 942 4015 quom
957 3953 1050 4002 Lsmb.
1067 3953 1188 4015 wrongly.
1231 3954 1399 4002 remissorum.

242 4035 337 4081 semino
354 4048 436 4081 coriam
451 4033 543 4081 Lamb.
577 4032 697 4081 ‘Marnlt
709 4035 735 4082 et
749 4034 819 4096 vulg.
836 4034 936 4083 semina
953 4037 1058 4084 eorum’
1075 4049 1135 4097 says
1149 4035 1203 4083 Gis.
1220 4032 1274 4083 and
1289 4048 1318 4083 so
1332 4033 1398 4083 Mar.

243 4113 354 4176 changes
365 4116 522 4163 amisionem
534 4115 561 4163 of
576 4114 647 4164 Mon.
659 4117 687 4163 to
697 4117 791 4164 annino
803 4131 894 4164 emam.
927 4116 944 4165 J
945 4117 1001 4165 unt.
1012 4114 1062 4166 has
1073 4115 1170 4179 rightly
1181 4118 1349 4165 cantatorum.

277 4197 340 4246 1009
351 4212 397 4259 quc
403 4195 515 4258 wrongly
522 4194 604 4246 added
613 4195 647 4258 by
656 4195 720 4245 Mar.
732 4195 811 4245 alal
823 4196 897 4245 Jnnt.
905 4197 974 4258 vulg.
983 4201 1011 4247 at
1019 4196 1083 4247 ond:
1101 4211 1144 4247 sce
1155 4211 1176 4245 11
1190 4197 1246 4246 118.
1335 4194 1398 4244 1011

241 4279 345 4327 nartem
363 4276 433 4326 Mon.
446 4276 522 4326 Pont.
537 4275 619 4325 Atel
634 4276 708 4326 Jnnt.
724 4276 793 4339 vulg.
808 4276 848 4324 tor
864 4278 997 4326 montibus.
1030 4279 1131 4338 Mopse
1147 4277 1161 4326 I
1178 4276 1234 4340 jein
1250 4273 1313 4325 with
1327 4275 1398 4326 what

242 4358 370 4422 precedes.
404 4358 500 4420 Mopso
511 4360 600 4409 sanim
610 4356 675 4407 Mar.
687 4357 761 4407 Junt.
773 4356 866 4407 Lemb.
878 4356 998 4421 wrongly.
1030 4358 1294 4421 amita,mopnisqai
1311 4358 1397 4406 ouati-
