3092 4984
685 329 734 395 IV
1222 346 1284 410 203

219 502 296 544 0010
317 489 403 546 00110
425 489 537 565 purast
559 480 645 545 sanis
666 479 770 564 magis
791 477 868 545 inde
889 479 1038 564 voluptas
1205 491 1284 559 1075

222 607 321 670 quam
343 585 474 650 miseria
498 584 621 649 etenim
643 583 793 670 potiundi
814 591 959 668 tempore
981 582 1107 668 inipso

218 687 355 751 fluctuat
376 687 506 751 incertis
529 687 687 752 erroribus
709 686 804 752 ardor
824 695 994 752 amantum

218 813 278 855 nec
300 798 425 855 constat
447 789 526 875 quid
548 791 690 876 primum
713 790 813 855 oculis
835 791 1050 876 manibusque
1071 790 1227 856 fruantur

219 894 305 978 quod
326 894 459 979 petiere,
481 902 635 979 premunt
657 905 727 959 arte
750 895 938 980 faciuntque
961 894 1103 960 dolorem

219 999 357 1084 corperis
379 1008 414 1064 et
435 998 549 1064 dentes
571 999 715 1065 inlidunt
736 1022 831 1084 saepe
854 998 979 1064 labellis
1205 1000 1288 1063 1080

220 1104 390 1188 osculaque
412 1102 581 1189 adfligunt,
603 1104 682 1188 quia
702 1126 768 1168 000
791 1112 841 1168 est
862 1123 945 1188 pura
966 1104 1114 1189 voluptas

219 1215 254 1271 et
275 1207 399 1271 stimuli
422 1206 560 1271 subsunt
582 1207 639 1291 qui
662 1206 820 1292 instigant
843 1206 969 1272 laedere
993 1206 1026 1270 id
1050 1207 1157 1292 ipsum

220 1310 445 1395 quodcumque
468 1319 526 1388 est
548 1310 654 1374 rabies
677 1310 763 1375 unde
786 1310 879 1375 illaec
902 1310 1049 1396 germina
1070 1318 1214 1396 surgunt

220 1411 275 1476 sed
299 1413 415 1477 leviter
436 1435 556 1498 peenas
579 1413 700 1498 frangit
725 1414 839 1477 Venus
862 1414 948 1477 inter
971 1435 1114 1478 amorem

219 1515 401 1600 blandaque
423 1516 563 1580 refrenat
585 1538 708 1579 morsus
730 1515 876 1580 admixta
897 1516 1053 1601 voluptas
1205 1517 1284 1597 1085

219 1641 359 1705 namque
382 1619 416 1683 in
438 1641 476 1682 eo
498 1640 570 1704 spes
592 1628 650 1693 est,
673 1618 760 1682 unde
783 1627 833 1682 est
855 1618 975 1683 ardoris
997 1619 1092 1704 origo,

219 1722 375 1808 restingui
398 1745 525 1808 quoque
547 1745 638 1808 posse
661 1723 702 1787 ab
724 1722 838 1787 eedem
860 1745 989 1807 corpere
1011 1723 1184 1787 flammam.

219 1825 306 1909 quod
329 1825 397 1889 fieri
420 1832 531 1889 contra
551 1834 658 1889 totum
680 1832 799 1889 natura
821 1834 998 1909 repugnat3

219 1950 347 2013 unaque
370 1950 420 1992 res
441 1927 521 1991 baec
543 1937 600 2006 est,
624 1928 716 1992 cuius
738 1951 837 2013 quom
859 1928 1000 2013 plurima
1020 1928 1185 2003 habemus,

219 2043 291 2097 tum
313 2033 416 2116 magis
437 2030 574 2095 ardescit
596 2030 666 2095 dira
687 2031 869 2117 cuppedine
890 2038 1012 2115 pectus.
1205 2047 1289 2113 1090

219 2156 296 2197 nam
319 2134 409 2198 cibus
431 2142 530 2218 atque
552 2154 646 2196 umor
667 2133 821 2197 membris
843 2132 1025 2196 adsumitur
1046 2130 1155 2212 intus3

222 2258 305 2321 quae
328 2235 481 2320 quoniam
503 2243 607 2300 certas
629 2244 764 2320 possunt
787 2234 931 2299 obsidere
952 2235 1063 2321 pertis,

219 2338 280 2401 hoc
302 2337 395 2401 facile
417 2337 567 2422 expletur
587 2338 722 2401 laticum
745 2337 939 2422 frugumque
961 2337 1086 2423 cupido.

221 2463 262 2505 ex
283 2440 422 2504 heminis
444 2462 520 2504 vero
541 2439 624 2504 facie
646 2440 845 2525 pulchroque
866 2442 970 2507 colore

219 2543 267 2607 nil
288 2541 385 2607 datur
405 2543 440 2607 iu
461 2565 575 2628 eorpus
597 2552 724 2628 praeter
745 2544 918 2609 simulacra
938 2544 1112 2609 fruendum
1204 2557 1282 2627 1095

222 2647 355 2725 tenvia3
378 2669 461 2731 quae
485 2655 583 2711 vento
605 2668 677 2731 spes
699 2656 824 2732 raptast
846 2670 941 2733 saepe
963 2648 1095 2713 misella

220 2758 259 2812 ut
280 2749 390 2814 bibere
413 2750 447 2813 in
469 2749 589 2813 somnis
611 2750 724 2815 sitiens
747 2773 845 2835 quom
868 2750 995 2835 quaerit
1017 2759 1051 2815 et
1073 2771 1167 2816 umor

220 2872 285 2914 000
308 2850 411 2928 datur,
434 2851 581 2915 ardorem
603 2852 660 2936 qui
683 2852 838 2917 membris
859 2853 1023 2937 stinguere
1045 2852 1155 2938 possit,

220 2952 277 3017 sed
299 2954 433 3017 laticum
455 2954 627 3018 simulacra
648 2954 732 3038 petit
754 2955 939 3040 frustraque
960 2955 1086 3020 laborat

221 3055 256 3119 in
278 3056 450 3141 medieque
472 3058 542 3121 sitit
564 3058 700 3122 terrenti
723 3059 857 3123 flumine
879 3068 1004 3144 potans,
1209 3073 1292 3121 1100

221 3159 322 3223 sicin
344 3181 452 3224 amere
475 3161 585 3225 Venus
608 3161 786 3227 simulacris
809 3163 892 3227 ludit
915 3161 1056 3226 amantis

221 3283 282 3325 nec
303 3261 421 3325 satiare
443 3273 570 3347 queunt
591 3266 766 3349 spectando
789 3287 922 3351 corpora
943 3285 1060 3338 coram,

221 3386 282 3429 nec
303 3364 454 3428 manibus
477 3366 650 3451 quicquam
673 3367 794 3431 teneris
816 3365 970 3430 abradere
992 3362 1146 3428 membris

223 3477 358 3551 possunt
381 3477 524 3531 errantes
546 3468 661 3532 incerti
684 3491 814 3554 corpore
836 3475 914 3532 toto.

222 3569 362 3656 denique
384 3592 458 3634 cum
481 3570 634 3634 membris
656 3571 792 3635 conlatis
814 3570 890 3633 flore
913 3568 1066 3632 fruuntur
1168 3621 1173 3632 .
1210 3577 1288 3646 1105

129 3724 185 3777 end
195 3724 223 3774 01
233 3725 359 3774 Catullus.
460 3727 523 3776 1068
544 3728 619 3775 Utere
630 3725 653 3774 A
663 3739 727 3775 corr.
739 3726 779 3775 for
793 3727 876 3775 Vtrae.
975 3722 1038 3772 1081
1049 3723 1176 3786 00010001
1186 3720 1209 3768 Α
1219 3718 1291 3769 Nice.

129 3809 203 3859 Flor.
214 3808 245 3856 81
257 3808 347 3857 (lumb.
360 3807 396 3857 ull
407 3808 467 3857 Vnt.
480 3808 550 3857 1100.
561 3807 666 3871 rightly.
699 3809 814 3871 adfipunt
825 3807 847 3855 B
860 3806 934 3855 Pont.
947 3803 999 3853 and
1008 3804 1038 3853 in
1048 3818 1128 3865 marg.
1140 3801 1205 3852 Mur.
1217 3801 1291 3852 tunt.

128 3891 225 3942 lamb.
246 3893 294 3939 etc.
394 3891 458 3940 1093
479 3893 552 3940 illaec
568 3892 682 3952 permina
698 3888 779 3937 Lech.
799 3889 866 3938 ulter
883 3902 899 3936 s
917 3885 1003 3936 friend
1021 3886 1049 3934 01
1067 3883 1158 3933 bamb.
1175 3882 1215 3932 ior
1231 3883 1292 3932 ittae

128 3974 245 4024 ceruina
257 3971 287 4035 (t)
300 3971 324 4020 A
333 3986 360 4034 p.
372 3985 408 4020 m.
436 3973 481 4019 ille
495 3972 608 4032 permina
620 3969 650 4018 B.
678 3971 721 4018 ille
734 3970 794 4018 haec
804 3970 915 4030 permina
926 3968 1020 4016 Aaorr.
1033 3964 1118 4014 Nica:
1135 3962 1260 4014 0001059.

165 4053 231 4102 1085
244 4053 352 4115 refrenat
364 4052 435 4100 Niec.
445 4051 587 4113 iorsrenat.
686 4051 750 4100 1089
761 4052 833 4099 cuim
844 4065 925 4112 quom,
940 4050 1002 4098 Tum
1012 4046 1062 4096 Ed.
1073 4046 1114 4095 ior
1123 4047 1196 4095 00101
1207 4057 1292 4106 quem,

130 4136 204 4184 Tura.
238 4134 371 4195 00100000
383 4148 453 4193 maye
473 4130 551 4180 Lech.
585 4133 659 4180 cuim
675 4146 724 4193 qao
740 4133 828 4193 pluria
842 4128 1086 4178 110001011001.
1119 4124 1294 4189 quampluris

128 4216 226 4270 Lmb.
238 4218 287 4265 etc.
299 4214 383 4263 which
394 4214 418 4262 is
430 4217 476 4263 001
487 4214 576 4262 Latin.
675 4213 740 4262 1996
750 4219 847 4274 raptast
859 4209 908 4259 Ed.
920 4210 960 4260 lor
969 4215 1064 4272 raptat.
1096 4212 1174 4268 rapta
1187 4201 1293 4252 00101.

128 4294 767 4356 1101οΡ00100000100010110010011.
800 4301 903 4343 numm
918 4284 1159 4355 rperraptatbauh.
1192 4289 1294 4331 menam

127 4397 175 4448 spe
189 4382 290 4430 laetam
308 4393 338 4427 or
359 4384 463 4441 captant
481 4376 569 4426 Bentl.
668 4375 732 4425 1098
751 4375 863 4424 membris
878 4375 1003 4434 ntupum
1021 4367 1117 4417 111000.
1137 4365 1178 4415 lor
1193 4361 1295 4412 neam
