3092 4984
704 357 753 423 1v
1252 363 1310 443 183

240 532 282 574 an
306 509 379 576 sciri
402 509 512 596 possit,
537 510 693 597 quoniam
717 510 765 576 nil
788 511 870 578 scire
893 511 1027 580 fatetur.
1244 531 1312 598 470

240 614 328 679 hunc
350 615 452 700 igitur
474 624 586 681 contra
609 616 741 681 mittam
766 618 961 684 contendere
984 640 1124 697 causam,

241 718 297 803 qui
321 719 428 803 capite
452 718 522 804 ipse
545 742 605 785 sua
627 720 662 785 in
686 721 804 787 statuit
826 724 964 809 vestigia
986 745 1064 790 sese.

241 829 409 886 ettamen
432 821 493 887 hoc
516 845 645 908 quoque
667 824 718 889 uti
742 824 916 890 concedam
941 825 1030 904 scire,
1055 834 1091 892 at
1115 826 1150 893 id
1173 826 1279 913 ipsum

241 945 404 1009 quaeram,
429 947 504 990 cum
528 927 563 991 in
586 928 683 993 rebus
706 929 776 993 veri
799 929 847 993 nil
869 929 988 996 viderit
1011 938 1097 1009 ante,

243 1027 328 1092 unde
354 1029 435 1094 sciat
457 1030 537 1116 quid
561 1032 604 1097 sit
626 1033 707 1098 scire
731 1041 766 1099 et
789 1035 912 1101 nescire
934 1035 1085 1113 vicissim,
1246 1048 1308 1117 475

242 1131 394 1196 notitiam
417 1133 486 1198 veri
509 1156 593 1220 quae
617 1158 668 1201 res
692 1136 828 1222 falsique
852 1140 970 1205 crearit

242 1243 276 1301 et
298 1236 435 1301 dubium
459 1246 547 1303 certo
571 1261 729 1325 quaeres
753 1240 883 1307 differre
905 1242 1059 1328 probarit.

243 1339 389 1405 invenies
412 1340 526 1426 primis
548 1342 591 1407 ab
614 1343 761 1409 sensibus
785 1366 854 1410 esse
878 1353 1019 1411 creatam

242 1442 392 1507 notitiem
417 1443 486 1508 veri
509 1465 617 1529 neque
640 1466 752 1510 sensus
774 1468 867 1531 posse
889 1448 1000 1514 refelli

241 1566 318 1608 nam
342 1545 462 1611 maiore
485 1546 550 1612 fide
575 1547 674 1612 debet
696 1549 866 1634 reperirier
888 1549 980 1628 illud,
1103 1637 1106 1642 Α
1246 1553 1314 1631 480

242 1656 356 1733 sponte
380 1671 439 1713 sua
462 1650 547 1715 veris
569 1650 657 1736 quod
678 1651 782 1736 possit
805 1652 934 1717 vincere
958 1651 1046 1718 falsa

242 1749 320 1835 quid
342 1751 463 1816 maiore
486 1750 551 1816 fide
575 1774 669 1837 porro
693 1775 792 1837 quarn
815 1775 927 1819 sensus
950 1755 1064 1820 baberi

243 1853 363 1920 debett
387 1877 429 1920 an
454 1856 497 1920 ab
520 1877 617 1921 sensu
640 1856 720 1922 falso
745 1858 829 1923 ratio
853 1866 923 1924 orta
944 1858 1068 1924 valebit

242 1958 347 2023 dicere
371 1980 425 2023 cos
448 1967 568 2035 contra,
594 1982 678 2044 quae
702 1969 773 2025 tota
796 1961 839 2025 ab
864 1961 1011 2026 sensibus
1036 1969 1107 2027 orta
1131 1966 1203 2028 esti

242 2063 300 2149 qui
322 2063 386 2128 nisi
409 2073 486 2129 sunt
508 2063 586 2140 veri,
610 2064 693 2129 ratio
717 2087 847 2151 quoque
870 2066 953 2130 falsa
975 2066 1014 2131 fit
1038 2066 1151 2133 omnis.
1246 2068 1308 2148 485

242 2189 285 2230 an
308 2175 461 2251 potenmt
485 2168 592 2232 oculos
614 2190 708 2233 aures
730 2168 975 2255 reprehendere,
999 2191 1042 2234 en
1066 2191 1160 2235 aures

244 2272 372 2334 tactus?
396 2292 439 2334 an
462 2271 549 2336 hunc
571 2294 666 2358 porro
689 2281 816 2338 tactum
839 2295 933 2359 sapor
955 2282 1072 2359 arguet
1095 2273 1167 2351 oris,

243 2394 286 2436 an
308 2373 524 2439 confutabunt
548 2397 641 2441 nares
665 2377 790 2442 oculive
813 2379 1001 2443 revincenti

243 2497 316 2554 non,
340 2485 379 2541 ut
402 2476 522 2562 opinor,
547 2478 595 2544 ita
618 2487 674 2545 est.
699 2503 777 2545 nam
801 2503 944 2546 seorsum
968 2480 1085 2568 cuique
1107 2488 1252 2567 potestus

242 2577 385 2655 divisast,
409 2601 469 2644 sua
493 2580 542 2644 vis
566 2581 722 2667 cuiquest,
747 2582 885 2670 ideoque
909 2607 1039 2651 necesse
1065 2593 1115 2651 est
1243 2601 1311 2668 490

243 2689 276 2747 et
300 2680 386 2767 quod
408 2682 505 2748 molle
529 2684 572 2748 sit
597 2691 631 2749 et
654 2685 800 2769 gelidum
823 2687 992 2754 fervensve
1015 2709 1157 2756 scorsum

242 2793 276 2850 et
299 2807 442 2850 seorsum
464 2787 571 2852 varios
595 2811 704 2853 rerum
728 2789 849 2855 sentire
873 2791 994 2856 colores

242 2895 277 2952 et
299 2910 522 2975 quaecumque
546 2891 696 2956 coloribu’
719 2892 786 2957 sint
810 2893 983 2960 coniuncta
1004 2893 1119 2962 videre.

242 3014 366 3057 seorsus
390 2993 470 3058 item
493 3016 587 3079 sapor
610 2994 673 3059 oris
696 2994 797 3060 habet
819 2995 897 3072 vim,
922 3017 1047 3061 seorsus
1071 2995 1182 3061 odores

242 3105 426 3175 nascuntur,
450 3120 574 3163 sorsum
598 3098 730 3163 sonitus
754 3097 892 3184 ideoque
915 3121 1044 3165 necesse
1068 3105 1118 3163 est
1247 3108 1309 3179 495

243 3222 308 3264 non
332 3201 456 3286 possint
479 3201 559 3266 alios
584 3202 640 3268 ahi
663 3202 853 3267 convincere
877 3225 996 3268 sensus

244 3326 303 3369 nec
326 3327 420 3390 porro
444 3314 598 3391 poterunt
621 3306 684 3392 ipsi
707 3306 943 3392 reprehendere
962 3328 1040 3383 sese,

244 3429 349 3492 aequa
371 3407 451 3472 fides
475 3409 629 3494 quoniam
653 3409 786 3475 debebit
809 3431 936 3494 semper
956 3408 1078 3473 haberi.

243 3509 376 3594 proinde
400 3512 487 3597 quod
510 3512 546 3578 in
570 3522 730 3598 quoquest
753 3514 804 3578 his
828 3513 934 3578 visum
958 3520 1112 3598 tempore,
1136 3519 1288 3578 verumst.

244 3620 278 3676 et
304 3612 331 3677 si
355 3636 421 3679 non
444 3615 565 3700 poterit
588 3618 672 3682 ratio
696 3616 869 3682 dissolvere
892 3638 1029 3694 causam,
1251 3631 1315 3698 500

155 3831 242 3882 svo.
253 3832 329 3883 Pont.
345 3834 409 3884 Mar.
422 3836 503 3887 Aldl
520 3837 613 3888 Lamb.
624 3839 699 3889 Wak.
711 3838 821 3889 without
840 3836 970 3901 meaning.
1068 3838 1116 3888 471
1134 3840 1232 3888 mittum
1248 3837 1314 3889 Mar.

155 3916 238 3966 alul
255 3918 329 3968 Jnnt.
347 3918 387 3970 tor
403 3923 515 3971 mirream.
613 3923 662 3973 479
678 3938 725 3972 raro
742 3925 771 3970 in
787 3923 878 3971 transit
893 3920 974 3970 Lach.
991 3920 1031 3970 ior
1046 3935 1091 3970 ouo
1107 3922 1249 3970 insternit.

188 3999 237 4050 479
253 4015 338 4049 unctu
349 4001 414 4051 Mar.
426 4003 500 4052 Junt.
512 4004 552 4053 for
562 4020 644 4053 sensu.
742 4004 792 4054 486
805 4011 923 4066 poterunt
933 4003 1003 4054 Flor.
1015 4004 1046 4053 ³1
1064 4003 1153 4054 Gamb.
1165 4004 1205 4054 ior
1211 4005 1315 4067 poterit.

151 4085 263 4144 poterint
274 4083 339 4133 hiat.
351 4083 410 4135 Ver.
422 4084 487 4136 Ven.
585 4086 634 4138 491
649 4102 755 4137 seorsum
770 4085 858 4136 Bantl.
870 4086 910 4135 ior
920 4087 1014 4135 videri:
1032 4100 1048 4135 a
1064 4100 1199 4149 necessary
1209 4085 1316 4146 change.

154 4161 249 4212 anb.
259 4161 322 4213 bare
338 4163 506 4227 interpolatos
522 4180 539 4215 a
555 4180 637 4215 rarae.
736 4166 785 4216 493
802 4167 886 4215 videre
897 4164 977 4215 Lech.
990 4166 1029 4215 for
1039 4173 1157 4215 neceam
1167 4164 1251 4214 which
1267 4163 1316 4214 har

154 4258 229 4294 come
247 4244 315 4296 horn
331 4260 348 4295 a
362 4246 550 4310 neighbonring
564 4263 645 4298 rarae.
744 4249 793 4300 495
810 4250 957 4299 Nascuntur
975 4247 1034 4299 Ver.
1046 4248 1110 4299 Van.
1123 4248 1188 4298 Mar.
1205 4247 1245 4297 tor
1260 4260 1318 4294 aas·

155 4331 258 4376 cunum
356 4327 405 4378 496
418 4330 516 4391 possim
531 4328 601 4378 Flor.
609 4329 640 4378 31
658 4328 728 4378 Mon.
741 4329 817 4379 Pont.
835 4329 915 4379 aral
933 4330 1007 4379 runt.
1020 4330 1060 4379 ior
1072 4335 1186 4392 posunt.
1216 4333 1317 4390 portent

155 4405 248 4457 Oamb.
346 4409 396 4461 498
412 4425 493 4473 aequo
515 4410 584 4461 Flor.
597 4411 628 4461 sl
651 4412 725 4462 Pont.
745 4413 809 4462 Mor.
830 4412 909 4462 Aldl
928 4412 1003 4462 Junt.
1023 4412 1063 4461 ior
1084 4425 1169 4471 aeque.
1269 4409 1318 4458 500
