3092 4984
702 318 751 382 lv
1245 332 1303 398 193

232 498 292 540 nec
313 482 449 561 possunt
470 474 588 539 falsum
610 473 694 538 veris
716 472 904 537 convincere
926 470 1029 535 rebus.

233 588 402 665 praeterea
422 577 608 642 meminisse
630 576 723 640 iacet
735 575 932 660 languetque
954 595 1066 659 sopore
1241 573 1301 655 765

234 703 293 746 nec
315 681 467 746 dissentit
489 703 565 746 eum
586 678 700 744 mortis
722 679 844 764 letique
867 678 1007 763 potitum

233 785 299 848 iam
321 784 457 870 pridem,
481 806 580 870 quem
602 805 694 847 mens
715 782 823 847 vivom
846 804 881 846 se
903 803 1032 846 cernere
1054 780 1163 846 credit.

234 888 323 972 quod
343 895 498 973 superest,
521 909 587 951 non
609 895 659 952 est
681 885 802 950 mirum
824 885 995 950 simulacra
1016 886 1139 950 moveri

233 991 445 1077 bracchiaque
468 991 502 1055 in
525 1012 698 1055 numerum
720 989 840 1055 iactare
861 998 896 1055 et
918 1000 1025 1055 cetera
1045 991 1209 1068 membra3

235 1117 310 1160 nam
334 1096 372 1160 fit
394 1104 432 1158 ut
454 1095 489 1157 in
511 1095 631 1157 somnis
653 1093 756 1158 facere
778 1093 839 1159 hoo
860 1094 1010 1159 videatur
1031 1095 1154 1180 imago;
1242 1109 1307 1177 770

235 1200 357 1285 quippe
380 1198 437 1262 ubi
459 1197 565 1283 prima
587 1198 673 1281 perit
694 1197 822 1281 alioque
845 1205 892 1262 est
916 1198 1018 1263 altera
1039 1208 1118 1263 nata

237 1302 313 1366 inde
335 1311 432 1378 statu,
455 1300 543 1386 prior
564 1300 618 1364 hio
638 1308 767 1385 gestum
790 1307 932 1364 mutasse
954 1300 1090 1367 videtur.

236 1403 358 1468 scilicet
380 1403 414 1467 id
436 1403 506 1467 fieri
529 1402 624 1468 celeri
646 1402 771 1466 ratione
793 1401 1026 1487 putandumst:

236 1517 332 1574 tanta
353 1516 402 1573 est
423 1508 588 1573 mobilitas
609 1515 642 1571 et
664 1528 772 1571 rerum
795 1506 887 1592 copia
907 1513 1003 1570 tanta

237 1620 395 1697 tantaque
417 1610 562 1676 sensibili
584 1609 698 1695 quovis
720 1618 770 1674 est
792 1618 937 1694 tempore
959 1609 994 1674 in
1016 1632 1083 1674 uno
1243 1622 1303 1691 775

237 1713 329 1800 copia
349 1713 588 1797 particularum,
611 1721 651 1777 nt
671 1711 1008 1798 possitsuppeditare.

283 1815 468 1900 [Multaque
490 1814 526 1878 in
548 1815 598 1878 his
620 1815 716 1879 rebus
740 1823 941 1900 quaeruntur
962 1817 1129 1900 multaque
1152 1813 1244 1878 nobis

238 1920 465 1997 clerandumst
487 1920 583 2005 plane
605 1920 633 1983 si
655 1942 706 1984 res
728 1941 888 2004 exponere
910 1941 1050 1983 avemus.

239 2023 406 2108 quaeritur
427 2023 463 2087 in
485 2023 598 2109 primis
620 2046 727 2108 quere,
751 2022 838 2108 qnod
860 2023 977 2107 cuique
999 2022 1099 2087 libido

239 2127 375 2204 venerit,
397 2127 561 2212 extemplo
583 2149 675 2191 mens
697 2127 818 2211 cogitet
840 2126 909 2191 eius
931 2125 965 2189 id
987 2125 1102 2212 ipsum.
1246 2129 1310 2209 780

239 2253 324 2295 anne
347 2230 550 2296 voluntatem
571 2238 715 2294 nostram
736 2229 907 2294 simulacra
928 2238 1063 2295 tuentur

241 2341 275 2398 et
297 2333 394 2398 simul
416 2355 453 2398 ac
475 2334 624 2398 volumus
645 2334 739 2398 nobis
760 2334 898 2398 occurrit
919 2334 1034 2419 imago,

240 2435 267 2499 si
289 2457 386 2512 mare,
409 2435 437 2499 si
458 2443 576 2500 terrast
597 2435 693 2512 cordi,
715 2434 744 2499 si
765 2436 906 2521 denique
928 2438 1077 2502 caeluml

240 2546 419 2604 conventus
440 2538 610 2604 hominnm
632 2560 786 2624 pompam
808 2540 955 2604 convivia
975 2563 1108 2626 pugnas,

241 2644 351 2708 omnia
372 2644 432 2708 sub
454 2644 595 2709 verbone
617 2651 705 2708 creat
727 2652 845 2708 natura
865 2651 1045 2730 paratque?
1246 2649 1306 2728 785

241 2767 316 2812 cum
338 2746 530 2831 praesertim
551 2746 622 2810 aliis
645 2746 759 2811 eadem
781 2747 817 2811 in
838 2748 967 2833 regione
989 2751 1121 2837 locoque

242 2853 338 2938 longe
360 2850 524 2916 dissimilis
546 2851 674 2915 animus
696 2873 747 2916 res
769 2853 889 2937 cogitet
911 2854 1023 2919 omnis.

242 2955 322 3041 quid
344 2976 445 3040 porro,
469 2954 505 3018 in
527 2978 699 3020 numerum
721 2956 892 3041 procedere
915 2982 990 3023 cum
1011 2958 1182 3024 simulacra

242 3060 404 3126 cernimus
426 3060 461 3123 in
484 3059 603 3124 somnis
625 3068 660 3124 et
681 3061 792 3124 mollia
812 3062 959 3125 membra
979 3083 1115 3137 movere,

243 3163 361 3240 mollia,
384 3162 549 3227 mobiliter
569 3183 645 3226 cnm
667 3162 800 3227 alternis
821 3162 970 3227 bracchia
990 3164 1130 3228 mittunt
1248 3181 1312 3247 790

244 3269 278 3326 et
300 3269 454 3347 repetunt
477 3260 576 3324 oculis
597 3269 726 3344 gestum
748 3260 832 3347 pede
854 3262 1082 3327 convenientil

244 3363 365 3429 scilicet
387 3371 457 3427 arte
479 3362 613 3428 madent
635 3363 807 3427 simulacra
828 3371 862 3428 et
884 3363 979 3428 docta
1001 3373 1167 3450 vagantur,

243 3475 402 3531 nocturno
424 3466 528 3531 facere
550 3475 589 3532 ut
611 3468 735 3552 possint
757 3468 792 3531 in
814 3477 960 3553 tempore
982 3468 1082 3534 ludos.

244 3592 288 3633 an
311 3569 414 3654 magis
436 3568 519 3633 illud
542 3569 604 3634 erit
625 3573 763 3634 verum?
786 3571 864 3655 quia
885 3579 1031 3656 tempore
1052 3573 1087 3636 in
1109 3594 1183 3650 un0‚

244 3694 319 3736 cum
340 3672 498 3737 sentimus
520 3671 562 3751 id,
586 3680 716 3737 etcum
739 3694 800 3738 vox
823 3673 986 3738 emittitur
1007 3697 1080 3769 una,
1250 3692 1310 3761 795

149 3910 201 3959 pro
211 3910 236 3943 v.
248 3892 327 3943 mm.
426 3895 475 3945 783
491 3895 514 3943 εἰ
532 3901 622 3944 terrm
639 3895 709 3943 cordi
728 3892 778 3943 Ed.
795 3894 836 3943 for
852 3897 876 3944 si
896 3902 988 3945 mam
1004 3897 1106 3946 cordist.
1143 3900 1178 3959 [si
1196 3905 1263 3947 terre
1279 3905 1316 3947 est

153 3978 227 4027 cordi
238 3975 313 4025 Pont.
324 3974 411 4025 before
421 3989 473 4034 me,
485 3990 514 4025 as
525 3976 539 4024 I
549 3990 607 4025 now
617 3973 695 4036 find]
731 3974 787 4023 'l'he
802 3974 941 4038 lrequency
950 3975 1014 4025 with
1024 3976 1108 4027 which
1119 3992 1167 4027 our
1177 3992 1241 4027 mes.
1252 3978 1316 4028 thus

153 4059 293 4118 transpose
304 4055 359 4105 this
370 4064 393 4105 rt
404 4056 427 4106 is
438 4071 500 4120 very
510 4055 685 4106 remarkable:
698 4069 741 4104 see
751 4055 832 4104 Lach.
842 4057 869 4105 to
881 4070 902 4104 n
914 4057 962 4108 275
973 4056 1030 4106 rrho
1040 4057 1104 4107 cites
1115 4060 1160 4109 ten
1171 4059 1315 4108 instances:

153 4153 186 4190 so
198 4140 255 4196 799,
267 4138 312 4188 the
323 4139 463 4201 repetition
474 4140 501 4189 oi
517 4140 573 4198 774,
584 4138 634 4189 has
647 4140 730 4188 Tanto
740 4141 885 4189 nrobilitost.
918 4142 942 4190 si
954 4117 1019 4192 md:
1029 4148 1073 4199 est,
1084 4142 1107 4190 sl
1118 4144 1188 4191 cordi
1199 4141 1272 4191 June.

189 4220 237 4270 791
254 4226 378 4282 repetant.
410 4220 522 4284 reserant
539 4219 620 4269 Lech.
719 4221 767 4272 795
786 4222 849 4269 Cum
859 4223 974 4271 sentinare
985 4223 1022 4280 id,
1034 4229 1059 4271 et
1074 4237 1129 4271 nrm
1140 4220 1189 4270 Ed.
1201 4222 1241 4270 tor
1254 4222 1316 4269 Gon-

153 4305 276 4354 rentr'maa
287 4302 316 4350 id
326 4309 362 4350 est
372 4317 441 4351 oum:
453 4315 469 4351 a
481 4300 560 4363 slight
571 4300 623 4350 and
634 4315 770 4365 necessary
781 4301 927 4351 alteration.
960 4302 1053 4351 hamb.
1065 4300 1117 4350 and
1128 4301 1208 4351 Lech.
1220 4301 1248 4349 in
1257 4301 1319 4350 vain

154 4381 260 4432 declara
270 4379 316 4432 the
327 4395 400 4432 verso
411 4383 440 4431 to
456 4380 488 4432 bo
499 4384 545 4432 out
556 4379 584 4430 ol
598 4381 684 4443 place:
701 4381 747 4432 the
757 4381 837 4432 latter
852 4385 914 4443 puts
929 4382 960 4441 it,
971 4381 1034 4431 thus
1045 4381 1143 4431 altered
1155 4382 1226 4442 Quod
1242 4384 1317 4430 senti·

1112 4480 1234 4560 ,13
