3092 4984
812 341 867 406 III

348 508 485 565 naturae
507 499 662 585 cuiusque
682 495 787 562 animi
809 497 947 582 vestigia
967 498 1082 583 prima

348 628 408 671 nec
429 604 584 669 radicitus
606 602 702 667 evelli
723 602 811 666 mala
832 623 924 686 posse
945 600 1169 687 putandumst,

349 707 429 793 quin
450 705 622 792 proclivius
643 704 697 769 hic
719 704 782 768 iras
804 702 952 768 decurrat
974 703 1016 768 ad
1038 704 1128 782 acris,

349 810 404 875 ille
426 817 517 874 metu
539 808 635 873 citius
656 808 754 893 paulo
776 814 965 893 temptetur,
987 807 1099 873 atille

349 914 465 978 tertius
488 912 624 997 accipiat
647 908 807 995 quaedam
829 910 1021 974 clementius
1043 933 1155 996 aequo.

349 1018 448 1103 inque
470 1017 542 1081 aliis
564 1018 660 1082 rebus
681 1015 795 1080 multis
817 1014 945 1079 differre
967 1024 1129 1081 necessest

348 1133 481 1188 naturas
502 1122 672 1186 bominum
694 1120 799 1208 varias
822 1140 990 1203 moresque
1012 1120 1176 1204 sequacis;

348 1246 486 1310 quorum
509 1246 567 1309 ego
590 1246 676 1288 nunc
698 1244 824 1306 nequeo
847 1243 957 1286 caecas
979 1243 1139 1306 exponere
1162 1244 1272 1287 causas

351 1352 410 1394 nec
431 1329 572 1414 reperire
595 1328 770 1413 figurarum
794 1335 844 1391 tot
866 1327 998 1391 nomina
1020 1337 1100 1412 quot
1123 1334 1200 1392 sunt

348 1434 521 1518 principiis,
545 1433 631 1498 unde
654 1433 733 1497 haec
756 1432 859 1496 oritur
880 1431 1041 1495 variantia
1063 1453 1178 1496 rerum

348 1535 430 1600 illud
451 1536 486 1599 in
508 1535 559 1600 his
581 1536 677 1599 rebus
699 1534 810 1599 videor
832 1533 959 1598 firmare
981 1543 1116 1619 potesse,

349 1663 451 1726 usque
473 1640 553 1705 adeo
575 1649 764 1704 naturarum
788 1638 925 1723 vestigia
947 1637 1051 1722 linqui

348 1743 480 1828 parvola
501 1764 584 1828 quae
606 1749 748 1827 nequeat
770 1740 853 1804 ratio
876 1738 1037 1825 depellere
1059 1739 1159 1818 nobis,

348 1853 387 1909 ut
409 1844 456 1908 nil
478 1843 624 1930 inpediat
647 1842 780 1928 dignam
801 1841 852 1905 dis
874 1841 991 1926 degere
1013 1842 1124 1907 vitam.

392 1948 484 2013 Haec
506 1948 605 2034 igitur
626 1956 744 2012 natura
765 1955 897 2012 tenetur
918 1969 1048 2033 corpore
1070 1947 1112 2011 ab
1134 1947 1222 2011 omni

348 2052 483 2139 ipsaque
505 2053 643 2139 corporis
665 2060 714 2117 est
736 2062 843 2117 custos
865 2059 899 2116 et
921 2073 1018 2116 causa
1039 2051 1171 2130 salutis;

349 2179 427 2222 nam
449 2157 674 2222 communibus
696 2157 783 2221 inter
804 2179 838 2221 se
860 2156 1021 2220 radicibus
1043 2157 1179 2221 haerent

349 2284 409 2327 neo
431 2262 501 2327 sinc
522 2262 664 2347 pernicie
686 2260 796 2326 divelli
818 2283 910 2346 posse
932 2259 1091 2325 videntur.

349 2364 435 2450 quod
456 2386 559 2449 genus
580 2385 599 2428 e
621 2363 727 2428 thuris
748 2363 871 2448 glaebis
893 2362 1029 2427 evellere
1052 2361 1181 2426 odorem

349 2467 437 2532 haud
458 2468 551 2531 facile
574 2476 624 2532 est
646 2468 727 2553 quin
749 2468 890 2534 intereat
911 2476 1029 2532 natura
1051 2489 1179 2552 quoque
1201 2466 1278 2532 eius.

349 2574 394 2639 sic
415 2572 517 2637 animi
538 2582 637 2659 atque
660 2575 788 2639 animae
809 2584 960 2639 naturam
983 2594 1113 2658 corpore
1135 2580 1205 2636 toto

348 2678 516 2743 extrahere
539 2679 621 2744 haut
642 2678 734 2743 facile
757 2688 808 2744 est
830 2678 910 2764 quin
932 2676 1042 2742 omnia
1063 2676 1288 2742 dissoluantur.

348 2780 484 2865 inplexis
506 2782 554 2846 ita
575 2783 741 2867 principiis
764 2783 806 2847 ab
828 2782 950 2867 origine
973 2782 1078 2867 prima

349 2881 435 2947 inter
456 2905 490 2947 se
513 2883 597 2948 fiunt
619 2886 758 2948 consorti
781 2884 929 2970 praedita
950 2885 1026 2962 vita,

347 3006 406 3048 nec
428 2985 490 3049 sibi
512 3008 659 3072 quaeque
681 2987 750 3051 sine
773 2987 906 3052 alterius
929 2986 961 3052 vi
983 3008 1075 3072 posse
1097 2985 1228 3052 videtur

348 3087 487 3172 corporis
509 3097 607 3173 atque
630 3088 731 3153 animi
753 3111 896 3153 seorsum
919 3089 1038 3153 sentire
1060 3097 1211 3174 potestas,

349 3188 405 3253 sed
427 3191 653 3255 communibus
674 3191 761 3255 inter
784 3213 839 3256 eas
862 3191 1020 3255 conflatur
1043 3192 1207 3275 utrimque

347 3292 489 3357 motibus
512 3315 661 3358 accensus
683 3294 776 3358 nobis
798 3315 857 3379 por
878 3294 999 3357 viscera
1020 3316 1138 3359 sensus

347 3407 516 3482 praeterea
538 3420 651 3484 corpus
673 3420 788 3485 perse
810 3421 870 3463 nec
891 3398 1036 3483 gignitur
1058 3390 1212 3483 umquam

347 3522 408 3566 nec
430 3503 542 3567 crescit
564 3524 669 3588 neque
691 3511 764 3588 post
786 3512 923 3568 mortem
946 3502 1061 3567 durare
1084 3503 1219 3568 videtur.

348 3627 414 3668 non
436 3607 532 3682 enim,
556 3617 594 3672 ut
616 3629 709 3672 umor
730 3630 835 3692 aquae
857 3605 997 3671 dimittit
1018 3629 1113 3691 saepe
1134 3629 1286 3693 vaporem

349 3707 405 3790 qui
427 3707 523 3774 datus
545 3719 602 3787 est,
624 3733 731 3795 neque
753 3733 793 3775 ea
813 3733 910 3776 causa
930 3712 1122 3776 convellitur
1143 3712 1220 3797 ipse,
1354 3729 1419 3793 340

261 3913 367 3970 unaue
384 3916 450 3957 secat
466 3910 544 3959 Bern.
644 3912 692 3962 303
708 3912 825 3962 Naturae
843 3912 908 3963 Mer.
926 3915 1000 3965 Junt.
1019 3915 1059 3965 lor
1075 3916 1185 3966 Natura.
1284 3918 1332 3969 317
1349 3925 1418 3981 quot.

262 3989 390 4054 thdAB,
401 3989 485 4041 which
501 3993 578 4041 Lucr.
590 4004 651 4055 may
661 3994 727 4044 have
737 3996 855 4045 written:
876 4011 904 4045 so
919 4001 985 4060 quod
999 4001 1039 4048 vis
1050 3998 1095 4046 ΑΒ
1106 3999 1224 4049 in1090:
1242 3998 1374 4059 Augustus
1389 3999 1419 4050 in

261 4069 304 4121 his
315 4084 357 4119 res
368 4073 454 4132 gestae
464 4072 548 4122 untes
563 4074 681 4135 etipsud,
699 4089 728 4123 as
740 4074 802 4124 does
813 4076 835 4124 B
851 4075 880 4124 in
891 4091 918 4124 vr
929 4079 991 4127 317:
1008 4081 1090 4141 capud
1101 4078 1124 4126 A
1138 4094 1167 4127 or
1178 4078 1200 4126 B
1212 4077 1368 4141 repeatodly.

294 4151 343 4202 313
359 4153 443 4200 uidem
459 4152 542 4202 Faber
560 4152 601 4201 lor
618 4155 699 4203 video.
726 4158 832 4219 firmare
850 4156 908 4206 Ver.
926 4157 991 4207 Van.
1009 4159 1049 4208 lor
1065 4162 1184 4223 forciore.
1283 4161 1330 4209 321
1348 4164 1419 4211 notis

262 4231 343 4283 Iraoh.
358 4231 400 4282 ior
413 4236 500 4283 noctis.
535 4235 611 4283 dictis
628 4235 693 4285 Mar.
707 4236 788 4285 Aldl
808 4237 883 4286 June.
899 4238 991 4288 Lamb.
1009 4239 1076 4289 cdl
1094 4239 1147 4289 and
1166 4239 1190 4287 3.
1224 4240 1306 4290 doctis
1324 4240 1418 4290 Iramb.

262 4316 302 4367 ed.
315 4319 340 4367 3ι
426 4319 475 4367 332
484 4319 553 4382 fiunt
564 4320 759 4369 cmucrti...vito
770 4319 837 4369 Mar.
849 4320 924 4369 Junt.
937 4321 976 4369 lor
986 4323 1093 4371 consorti
1099 4323 1281 4384 ficut...uitae.
1369 4324 1418 4371 333

261 4398 361 4463 though
372 4398 464 4460 round,
475 4399 498 4450 is
509 4399 588 4450 much
595 4400 731 4463 corrupted
741 4400 776 4464 by
786 4400 852 4451 Mar.
864 4400 939 4451 lunt.
950 4402 1043 4452 Iramb.
1054 4402 1123 4465 vulg.
1223 4403 1272 4453 335
1283 4417 1325 4452 eus
1336 4401 1418 4452 Irach.
