3092 4984
707 316 756 380 VI

235 467 384 554 aequoris
407 490 520 535 exesor
543 490 725 535 moerorum
748 469 845 535 litora
867 477 1006 556 pmpter.

235 593 297 637 nec
319 572 401 637 varii
424 581 552 639 cessant
574 575 699 639 sonitus
722 596 856 640 manare
880 597 940 660 per
962 596 1064 642 auras.

235 672 378 759 denique
402 675 438 739 in
462 698 497 740 os
521 676 596 741 salsi
620 677 711 742 venit
734 700 829 744 umor
851 700 946 764 saepe
969 678 1098 764 saporis,

235 798 311 840 cum
335 799 424 843 mare
448 801 616 844 versamur
634 788 776 867 propter,
801 781 970 867 dilutaque
994 789 1106 847 contra

138 894 213 961 934
235 900 312 942 cum
336 878 462 944 tuimur
482 881 611 946 misceri
635 882 806 960 absinthia,
832 884 940 968 tangit
965 905 1099 949 amaror.
1243 900 1309 967 930

236 1004 342 1068 usque
365 983 448 1050 adeo
471 984 621 1049 omnibus
645 985 686 1049 ab
711 986 809 1051 rebus
832 1008 883 1051 res
907 1009 1055 1074 quaeque
1078 987 1218 1053 fluenter

140 1101 215 1168 930
237 1083 343 1149 fertur
365 1094 401 1150 et
425 1085 461 1150 in
484 1095 618 1152 cunctas
641 1088 822 1154 dimittitur
843 1090 989 1176 undique
1012 1091 1114 1177 partis

236 1212 297 1255 nec
320 1212 412 1256 mora
433 1212 493 1255 nec
515 1191 643 1276 requies
666 1191 851 1258 interdatur
872 1193 941 1258 ulla
967 1194 1098 1272 fluendi,

235 1300 397 1378 perpetuo
420 1292 575 1378 quoniam
598 1294 766 1374 sentimus,
791 1304 826 1360 et
849 1295 959 1361 omnia
980 1318 1108 1382 semper

237 1417 369 1461 cernere
393 1396 519 1461 odorari
541 1397 619 1463 licet
641 1406 677 1463 et
701 1398 824 1463 sentire
847 1420 969 1464 souare.
1244 1414 1284 1481 93
1290 1412 1306 1480 5

144 1499 217 1583 936
283 1499 383 1565 Nune
407 1500 512 1566 omnis
534 1510 682 1587 repetam
705 1525 805 1589 quam
828 1525 899 1568 raro
924 1524 1055 1589 corpore
1078 1501 1146 1568 sint
1167 1524 1218 1568 res

238 1623 507 1683 commemorare;
530 1604 618 1691 quod
643 1605 679 1669 in
703 1605 808 1691 primo
831 1628 961 1692 quoque
984 1605 1126 1671 carmine
1149 1605 1256 1670 claret.

237 1701 360 1788 quippe
384 1704 515 1779 etenim,
541 1726 740 1790 quamquam
763 1705 883 1770 multas
905 1704 966 1770 hcc
988 1704 1131 1790 pertinet
1152 1703 1194 1769 ad
1215 1725 1266 1769 res

238 1828 378 1884 noscere,
403 1807 615 1894 cumprimis
638 1808 722 1873 hanc
745 1808 787 1873 ad
811 1831 881 1873 rem
904 1808 1052 1895 protinus
1075 1808 1187 1894 ipsam,

238 1929 305 1992 qua
329 1907 370 1973 de
394 1908 549 1976 disserere
573 1909 750 1996 adgredior,
776 1911 904 1976 firmare
930 1918 1091 1976 necessest
1244 1926 1310 1992 940

238 2011 287 2075 nil
312 2033 382 2076 esse
405 2012 618 2100 inpromptu
641 2014 705 2079 nisi
730 2015 872 2079 mixtum
895 2036 1010 2100 corpus
1033 2013 1132 2079 inani.

238 2114 397 2201 principio
421 2114 521 2182 litut
545 2119 580 2182 in
603 2118 766 2203 speluncis
789 2140 867 2183 saxa
891 2140 1029 2203 superne

239 2216 359 2283 sudent
381 2240 494 2283 umore
517 2227 552 2283 et
574 2220 678 2305 guttis
701 2220 902 2286 manantibu’
924 2221 1057 2286 stillent

240 2327 353 2384 manat
378 2320 459 2385 item
483 2321 576 2386 nobis
599 2345 618 2387 e
641 2330 712 2388 toto
735 2345 866 2409 corpere
890 2322 996 2401 sudor,

239 2423 354 2488 crescit
375 2423 477 2489 barba
497 2407 620 2510 pilique
641 2447 701 2512 per
722 2424 832 2490 omnia
852 2426 1006 2503 membra,
1028 2446 1087 2511 per
1108 2431 1205 2490 artus.
1244 2438 1306 2507 945

240 2526 364 2592 diditur
385 2527 421 2590 in
444 2549 543 2593 venas
566 2528 658 2593 cibus
681 2530 794 2606 omnis,
819 2536 917 2615 auget
940 2530 1064 2614 alitque

240 2630 380 2715 corporis
404 2638 565 2695 extremas
589 2653 717 2717 quoque
741 2632 844 2718 partis
867 2632 1129 2718 unguiculosque.

240 2734 341 2819 frigus
364 2734 445 2799 item
467 2735 605 2800 transire
628 2758 686 2821 per
708 2758 763 2801 aes
786 2736 990 2822 calidumque
1014 2759 1165 2822 vaporem

239 2838 405 2917 sentimus,
430 2838 589 2903 sentimus
612 2839 694 2904 item
717 2840 856 2905 transire
879 2863 938 2927 per
960 2864 1076 2906 aurum

239 2949 339 3027 atque
363 2963 421 3026 per
443 2950 622 3027 argentum,
646 2965 721 3007 cum
745 2943 861 3029 pocula
883 2945 981 3030 plena
1006 2954 1163 3009 tenemus
1244 2959 1310 3027 950

240 3043 380 3129 denique
406 3065 465 3129 per
487 3044 651 3129 dissaepta
673 3044 844 3110 domorum
866 3068 964 3111 saxea
985 3068 1078 3110 voces

238 3148 444 3235 pervolitant,
468 3155 639 3232 permanat
662 3147 741 3211 odor
765 3147 930 3233 frigusque
954 3169 1117 3233 vaposque

240 3249 332 3336 ignis,
356 3249 414 3337 qui
436 3249 512 3315 ferri
536 3271 665 3335 quoque
688 3248 756 3313 vim
779 3256 950 3335 penetrare
972 3249 1079 3314 suevit

240 3353 382 3440 denique
407 3374 473 3439 qua
496 3352 617 3418 circum
642 3352 726 3417 Galli
749 3351 848 3416 lorica
870 3358 1002 3416 coercet

150 3457 219 3540 956
240 3464 275 3520 et
299 3463 511 3542 tempestates
534 3465 622 3521 terra
644 3455 798 3540 caeloque
822 3463 949 3519 coortae
1245 3466 1284 3535 95
1291 3466 1306 3534 5

240 3558 276 3623 in
298 3558 425 3624 caelum
450 3567 616 3643 terrasque
639 3566 784 3622 remotae
807 3555 879 3621 iura
901 3555 1070 3632 facessunt,

185 3722 235 3772 995
251 3718 328 3782 again
339 3734 392 3769 om.
403 3717 545 3782 byLach.=
562 3733 606 3768 sse
618 3733 645 3767 ιν
655 3719 713 3769 929.
751 3701 760 3716 ’
818 3718 867 3769 937
883 3716 1310 3770 claretFlor.310amb.Mar.lor

151 3806 228 3854 ctare.
310 3802 359 3853 941
370 3804 475 3851 mixtam
485 3816 572 3863 corpur
582 3799 653 3849 Brix.
662 3800 717 3865 (not
725 3798 842 3864 moral)
854 3798 930 3863 Pont.
943 3798 1008 3848 Mar.
1020 3798 1061 3848 lor
1070 3814 1158 3862 emptu
1168 3802 1282 3850 mictum.

185 3885 235 3935 aaa
250 3898 354 3946 mperne
372 3881 453 3933 nasa
470 3881 511 3931 tor
526 3897 642 3945 apem.
740 3881 790 3932 954
811 3882 883 3931 aare
900 3880 980 3931 nauh.
999 3881 1040 3931 ιω
1056 3884 1129 3932 caera.
1170 3873 1220 3933 aare
1237 3882 1308 3932 uiso.

151 3967 212 4018 ocltt
231 3964 303 4014 Brix.
314 3963 375 4013 Ver.
391 3962 457 4013 Van.
480 3962 546 4012 Mar.
563 3963 660 4012 Arana.
680 3961 793 4024 Nauger.
812 3961 888 4012 Wak
927 3978 1015 4026 corpus
1036 3963 1101 4014 Mar.
1113 3964 1147 4014 al.
1162 3978 1213 4014 em.
1232 3964 1307 4014 Junt.

151 4046 246 4099 hamb.
257 4044 297 4096 ed
310 4045 325 4094 1
337 4043 389 4094 and
399 4046 425 4093 2.
457 4046 522 4094 corii
532 4044 601 4093 Flor.
611 4045 643 4093 sl
655 4042 745 4093 Camb.
757 4043 840 4093 ava.
851 4043 946 4095 Lamb.
958 4043 998 4095 ed.
1010 4046 1035 4094 s.
1143 4047 1191 4097 955
1209 4052 1309 4108 tenpes-

152 4133 347 4179 tamarem
363 4125 459 4174 Arana.
476 4124 594 4174 lollowed
610 4124 644 4188 by
654 4124 765 4188 Nauger.
776 4125 870 4174 Lamb.
882 4127 931 4174 eta.
944 4124 1041 4188 rightly
1057 4125 1097 4175 lor
1112 4132 1307 4188 temperante...

151 4216 245 4261 coorta
274 4213 415 4269 tempestate
426 4209 572 4256 in...cocrta
582 4205 663 4256 Iraeh.
757 4205 807 4258 956
817 4208 872 4256 iare
881 4206 903 4254 B
912 4206 1014 4257 Vienna
1024 4207 1088 4271 frag.
1096 4207 1119 4255 Δ
1126 4220 1189 4256 carr.
1201 4205 1308 4255 Flor.81

152 4289 450 4342 0amb.allVat.Pont.
483 4291 512 4338 tu
521 4304 548 4338 re
559 4289 631 4338 Nice.
639 4287 817 4338 whiahiathe
828 4303 900 4338 same
911 4288 993 4352 thing.
1026 4289 1161 4349 turarp.
1170 4302 1206 4336 m.
1215 4286 1310 4336 caused

152 4372 311 4438 hyrenem,
321 4385 351 4421 01
361 4385 391 4421 as
401 4369 481 4421 Irach.
493 4385 553 4434 says
564 4370 673 4422 measse
684 4370 729 4422 the
740 4370 879 4435 archetype
889 4370 942 4422 had
952 4369 1016 4421 both
1027 4372 1081 4421 tare
1091 4367 1144 4420 and
1154 4369 1213 4417 tura
1224 4365 1309 4417 which
