<?xml version="1.0" encoding="UTF-8"?>
<!DOCTYPE html PUBLIC "-//W3C//DTD XHTML 1.0 Transitional//EN"
    "http://www.w3.org/TR/xhtml1/DTD/xhtml1-transitional.dtd">
<html xmlns="http://www.w3.org/1999/xhtml" xml:lang="en" lang="en">
 <head>
  <title>
</title>
<meta http-equiv="Content-Type" content="text/html;charset=utf-8" />
  <meta name='ocr-system' content='tesseract 3.04.00' />
  <meta name='ocr-capabilities' content='ocr_page ocr_carea ocr_par ocr_line ocrx_word'/>
</head>
<body>
  <div class='ocr_page' id='page_1' title='image "./dererumnaturali01munrgoog_0230.png"; bbox 0 0 3092 4984; ppageno 0'>
   <div class='ocr_carea' id='block_1_1' title="bbox 717 312 1322 392">
    <p class='ocr_par' dir='ltr' id='par_1_1' title="bbox 717 312 1322 392">
     <span class='ocr_line' id='line_1_1' title="bbox 717 312 1322 392; baseline -0.003 -15"><span class='ocrx_word' id='word_1_1' title='bbox 717 312 766 377; x_wconf 87' lang='lat' dir='ltr'>IV</span> <span class='ocrx_word' id='word_1_2' title='bbox 1257 327 1322 392; x_wconf 80' lang='lat'>209</span> 
     </span>
    </p>
   </div>
   <div class='ocr_carea' id='block_1_2' title="bbox 245 465 1319 3747">
    <p class='ocr_par' dir='ltr' id='par_1_2' title="bbox 245 465 1319 3135">
     <span class='ocr_line' id='line_1_2' title="bbox 247 465 1175 556; baseline -0.002 -22"><span class='ocrx_word' id='word_1_3' title='bbox 247 470 392 555; x_wconf 90' lang='lat' dir='ltr'>pluribus</span> <span class='ocrx_word' id='word_1_4' title='bbox 416 479 450 535; x_wconf 90' lang='lat' dir='ltr'>et</span> <span class='ocrx_word' id='word_1_5' title='bbox 474 479 588 535; x_wconf 85' lang='lat' dir='ltr'>nactae</span> <span class='ocrx_word' id='word_1_6' title='bbox 611 477 683 556; x_wconf 87' lang='lat' dir='ltr'>post</span> <span class='ocrx_word' id='word_1_7' title='bbox 707 476 784 534; x_wconf 91' lang='lat' dir='ltr'>sunt</span> <span class='ocrx_word' id='word_1_8' title='bbox 808 477 920 532; x_wconf 82' lang='lat' dir='ltr'>tamen</span> <span class='ocrx_word' id='word_1_9' title='bbox 942 466 1029 531; x_wconf 90' lang='lat' dir='ltr'>unde</span> <span class='ocrx_word' id='word_1_10' title='bbox 1051 465 1175 552; x_wconf 91' lang='lat' dir='ltr'>puellos</span> 
     </span>
     <span class='ocr_line' id='line_1_3' title="bbox 245 571 1032 659; baseline -0.001 -24"><span class='ocrx_word' id='word_1_11' title='bbox 245 574 405 658; x_wconf 79' lang='lat' dir='ltr'>suscipere</span> <span class='ocrx_word' id='word_1_12' title='bbox 427 582 461 639; x_wconf 89' lang='lat' dir='ltr'>et</span> <span class='ocrx_word' id='word_1_13' title='bbox 484 583 580 659; x_wconf 85' lang='lat' dir='ltr'>partu</span> <span class='ocrx_word' id='word_1_14' title='bbox 603 582 734 659; x_wconf 83' lang='lat' dir='ltr'>possent</span> <span class='ocrx_word' id='word_1_15' title='bbox 757 572 915 638; x_wconf 78' lang='lat' dir='ltr'>ditescere</span> <span class='ocrx_word' id='word_1_16' title='bbox 937 571 1032 637; x_wconf 86' lang='lat' dir='ltr'>dulci.</span> 
     </span>
     <span class='ocr_line' id='line_1_4' title="bbox 248 674 1147 760; baseline 0 -22"><span class='ocrx_word' id='word_1_17' title='bbox 248 682 281 738; x_wconf 89' lang='lat' dir='ltr'>et</span> <span class='ocrx_word' id='word_1_18' title='bbox 305 675 423 760; x_wconf 88' lang='lat' dir='ltr'>quibus</span> <span class='ocrx_word' id='word_1_19' title='bbox 445 686 523 741; x_wconf 84' lang='lat' dir='ltr'>ante</span> <span class='ocrx_word' id='word_1_20' title='bbox 547 676 635 741; x_wconf 90' lang='lat' dir='ltr'>domi</span> <span class='ocrx_word' id='word_1_21' title='bbox 659 676 816 741; x_wconf 82' lang='lat' dir='ltr'>fecundae</span> <span class='ocrx_word' id='word_1_22' title='bbox 839 697 935 760; x_wconf 89' lang='lat' dir='ltr'>saepe</span> <span class='ocrx_word' id='word_1_23' title='bbox 958 674 1147 760; x_wconf 80' lang='lat' dir='ltr'>nequissent</span> 
     </span>
     <span class='ocr_line' id='line_1_5' title="bbox 247 780 1315 865; baseline -0.001 -24"><span class='ocrx_word' id='word_1_24' title='bbox 247 800 361 842; x_wconf 86' lang='lat' dir='ltr'>uxores</span> <span class='ocrx_word' id='word_1_25' title='bbox 384 802 505 865; x_wconf 88' lang='lat' dir='ltr'>parere,</span> <span class='ocrx_word' id='word_1_26' title='bbox 528 780 693 845; x_wconf 85' lang='lat' dir='ltr'>inventast</span> <span class='ocrx_word' id='word_1_27' title='bbox 715 780 779 844; x_wconf 89' lang='lat' dir='ltr'>illis</span> <span class='ocrx_word' id='word_1_28' title='bbox 801 801 930 865; x_wconf 91' lang='lat' dir='ltr'>quoque</span> <span class='ocrx_word' id='word_1_29' title='bbox 954 801 1085 864; x_wconf 87' lang='lat' dir='ltr'>compar</span> <span class='ocrx_word' id='word_1_30' title='bbox 1237 794 1273 841; x_wconf 98' lang='grc'>12</span> <span class='ocrx_word' id='word_1_31' title='bbox 1278 791 1293 857; x_wconf 82' lang='grc'>5</span> <span class='ocrx_word' id='word_1_32' title='bbox 1300 791 1315 857; x_wconf 82' lang='grc'><strong><em>5</em></strong></span> 
     </span>
     <span class='ocr_line' id='line_1_6' title="bbox 247 883 1068 968; baseline -0.001 -23"><span class='ocrx_word' id='word_1_33' title='bbox 247 892 371 958; x_wconf 86' lang='lat' dir='ltr'>natura,</span> <span class='ocrx_word' id='word_1_34' title='bbox 397 893 435 946; x_wconf 91' lang='lat' dir='ltr'>ut</span> <span class='ocrx_word' id='word_1_35' title='bbox 460 893 591 968; x_wconf 81' lang='lat' dir='ltr'>possent</span> <span class='ocrx_word' id='word_1_36' title='bbox 614 884 722 967; x_wconf 85' lang='lat' dir='ltr'>gnatis</span> <span class='ocrx_word' id='word_1_37' title='bbox 746 883 873 947; x_wconf 88' lang='lat' dir='ltr'>munire</span> <span class='ocrx_word' id='word_1_38' title='bbox 896 891 1068 947; x_wconf 82' lang='lat' dir='ltr'>senectam.</span> 
     </span>
     <span class='ocr_line' id='line_1_7' title="bbox 247 984 1071 1071; baseline -0.001 -24"><span class='ocrx_word' id='word_1_39' title='bbox 247 1007 349 1069; x_wconf 88' lang='lat' dir='ltr'>usque</span> <span class='ocrx_word' id='word_1_40' title='bbox 373 986 454 1050; x_wconf 90' lang='lat' dir='ltr'>adeo</span> <span class='ocrx_word' id='word_1_41' title='bbox 477 987 589 1071; x_wconf 86' lang='lat' dir='ltr'>magni</span> <span class='ocrx_word' id='word_1_42' title='bbox 612 986 718 1060; x_wconf 85' lang='lat' dir='ltr'>refert,</span> <span class='ocrx_word' id='word_1_43' title='bbox 742 994 779 1048; x_wconf 90' lang='lat' dir='ltr'>ut</span> <span class='ocrx_word' id='word_1_44' title='bbox 802 985 926 1048; x_wconf 84' lang='lat' dir='ltr'>semine</span> <span class='ocrx_word' id='word_1_45' title='bbox 947 984 1071 1069; x_wconf 87' lang='lat' dir='ltr'>possint</span> 
     </span>
     <span class='ocr_line' id='line_1_8' title="bbox 246 1088 955 1172; baseline 0 -22"><span class='ocrx_word' id='word_1_46' title='bbox 246 1088 423 1151; x_wconf 87' lang='lat' dir='ltr'>seminibus</span> <span class='ocrx_word' id='word_1_47' title='bbox 445 1089 641 1152; x_wconf 84' lang='lat' dir='ltr'>commisceri</span> <span class='ocrx_word' id='word_1_48' title='bbox 663 1088 850 1172; x_wconf 80' lang='lat' dir='ltr'>genitaliter</span> <span class='ocrx_word' id='word_1_49' title='bbox 871 1097 955 1172; x_wconf 76' lang='lat' dir='ltr'>apta</span> 
     </span>
     <span class='ocr_line' id='line_1_9' title="bbox 250 1188 1110 1276; baseline 0 -24"><span class='ocrx_word' id='word_1_50' title='bbox 250 1212 396 1254; x_wconf 82' lang='lat' dir='ltr'>crassane</span> <span class='ocrx_word' id='word_1_51' title='bbox 419 1192 613 1256; x_wconf 84' lang='lat' dir='ltr'>conveniant</span> <span class='ocrx_word' id='word_1_52' title='bbox 637 1191 767 1276; x_wconf 86' lang='lat' dir='ltr'>liquidis</span> <span class='ocrx_word' id='word_1_53' title='bbox 790 1200 824 1255; x_wconf 91' lang='lat' dir='ltr'>et</span> <span class='ocrx_word' id='word_1_54' title='bbox 846 1191 971 1275; x_wconf 90' lang='lat' dir='ltr'>liquida</span> <span class='ocrx_word' id='word_1_55' title='bbox 991 1188 1110 1253; x_wconf 86' lang='lat' dir='ltr'>crassis</span> 
     </span>
     <span class='ocr_line' id='line_1_10' title="bbox 247 1288 1319 1377; baseline -0.001 -24"><span class='ocrx_word' id='word_1_56' title='bbox 247 1299 345 1373; x_wconf 88' lang='lat' dir='ltr'>atque</span> <span class='ocrx_word' id='word_1_57' title='bbox 368 1290 403 1354; x_wconf 91' lang='lat' dir='ltr'>in</span> <span class='ocrx_word' id='word_1_58' title='bbox 425 1313 463 1354; x_wconf 93' lang='lat' dir='ltr'>eo</span> <span class='ocrx_word' id='word_1_59' title='bbox 486 1291 583 1355; x_wconf 83' lang='lat' dir='ltr'>refert</span> <span class='ocrx_word' id='word_1_60' title='bbox 606 1314 670 1377; x_wconf 88' lang='lat' dir='ltr'>quo</span> <span class='ocrx_word' id='word_1_61' title='bbox 693 1291 781 1355; x_wconf 86' lang='lat' dir='ltr'>victu</span> <span class='ocrx_word' id='word_1_62' title='bbox 804 1292 873 1354; x_wconf 87' lang='lat' dir='ltr'>vita</span> <span class='ocrx_word' id='word_1_63' title='bbox 895 1291 1039 1368; x_wconf 90' lang='lat' dir='ltr'>celatur;</span> <span class='ocrx_word' id='word_1_64' title='bbox 1236 1288 1319 1352; x_wconf 88' lang='lat'>1260</span> 
     </span>
     <span class='ocr_line' id='line_1_11' title="bbox 248 1392 1152 1477; baseline 0.001 -23"><span class='ocrx_word' id='word_1_65' title='bbox 248 1414 388 1477; x_wconf 84' lang='lat' dir='ltr'>namque</span> <span class='ocrx_word' id='word_1_66' title='bbox 411 1393 482 1456; x_wconf 88' lang='lat' dir='ltr'>aliis</span> <span class='ocrx_word' id='word_1_67' title='bbox 506 1394 601 1457; x_wconf 89' lang='lat' dir='ltr'>rebus</span> <span class='ocrx_word' id='word_1_68' title='bbox 623 1402 831 1458; x_wconf 88' lang='lat' dir='ltr'>concrescunt</span> <span class='ocrx_word' id='word_1_69' title='bbox 852 1394 977 1457; x_wconf 87' lang='lat' dir='ltr'>semina</span> <span class='ocrx_word' id='word_1_70' title='bbox 999 1392 1152 1456; x_wconf 88' lang='lat' dir='ltr'>membris</span> 
     </span>
     <span class='ocr_line' id='line_1_12' title="bbox 248 1496 1048 1582; baseline 0.003 -24"><span class='ocrx_word' id='word_1_71' title='bbox 248 1504 347 1581; x_wconf 87' lang='lat' dir='ltr'>atque</span> <span class='ocrx_word' id='word_1_72' title='bbox 370 1497 440 1560; x_wconf 87' lang='lat' dir='ltr'>aliis</span> <span class='ocrx_word' id='word_1_73' title='bbox 464 1507 681 1561; x_wconf 81' lang='lat' dir='ltr'>extenvantur</span> <span class='ocrx_word' id='word_1_74' title='bbox 700 1499 879 1582; x_wconf 83' lang='lat' dir='ltr'>tabentque</span> <span class='ocrx_word' id='word_1_75' title='bbox 901 1496 1048 1561; x_wconf 85' lang='lat' dir='ltr'>vicissim.</span> 
     </span>
     <span class='ocr_line' id='line_1_13' title="bbox 248 1599 1138 1685; baseline 0.006 -24"><span class='ocrx_word' id='word_1_76' title='bbox 248 1607 282 1662; x_wconf 91' lang='lat' dir='ltr'>et</span> <span class='ocrx_word' id='word_1_77' title='bbox 304 1599 422 1684; x_wconf 87' lang='lat' dir='ltr'>quibus</span> <span class='ocrx_word' id='word_1_78' title='bbox 445 1600 516 1685; x_wconf 89' lang='lat' dir='ltr'>ipsa</span> <span class='ocrx_word' id='word_1_79' title='bbox 537 1601 641 1665; x_wconf 87' lang='lat' dir='ltr'>medis</span> <span class='ocrx_word' id='word_1_80' title='bbox 663 1610 820 1665; x_wconf 84' lang='lat' dir='ltr'>tractetur</span> <span class='ocrx_word' id='word_1_81' title='bbox 842 1600 961 1664; x_wconf 83' lang='lat' dir='ltr'>blanda</span> <span class='ocrx_word' id='word_1_82' title='bbox 982 1599 1138 1685; x_wconf 82' lang='lat' dir='ltr'>voluptas.</span> 
     </span>
     <span class='ocr_line' id='line_1_14' title="bbox 250 1702 1139 1789; baseline 0 -24"><span class='ocrx_word' id='word_1_83' title='bbox 250 1702 282 1765; x_wconf 92' lang='lat' dir='ltr'>id</span> <span class='ocrx_word' id='word_1_84' title='bbox 306 1725 434 1788; x_wconf 90' lang='lat' dir='ltr'>quoque</span> <span class='ocrx_word' id='word_1_85' title='bbox 456 1705 625 1789; x_wconf 78' lang='lat' dir='ltr'>permagni</span> <span class='ocrx_word' id='word_1_86' title='bbox 648 1704 765 1784; x_wconf 83' lang='lat' dir='ltr'>refert3</span> <span class='ocrx_word' id='word_1_87' title='bbox 791 1727 867 1768; x_wconf 86' lang='lat' dir='ltr'>nam</span> <span class='ocrx_word' id='word_1_88' title='bbox 890 1725 977 1768; x_wconf 89' lang='lat' dir='ltr'>more</span> <span class='ocrx_word' id='word_1_89' title='bbox 1000 1703 1139 1766; x_wconf 85' lang='lat' dir='ltr'>ferarum</span> 
     </span>
     <span class='ocr_line' id='line_1_15' title="bbox 247 1806 1311 1892; baseline -0.004 -22"><span class='ocrx_word' id='word_1_90' title='bbox 247 1806 557 1892; x_wconf 86' lang='lat' dir='ltr'>quadrupedumque</span> <span class='ocrx_word' id='word_1_91' title='bbox 580 1808 682 1892; x_wconf 86' lang='lat' dir='ltr'>magis</span> <span class='ocrx_word' id='word_1_92' title='bbox 704 1808 769 1871; x_wconf 90' lang='lat' dir='ltr'>ritu</span> <span class='ocrx_word' id='word_1_93' title='bbox 793 1808 983 1892; x_wconf 89' lang='lat' dir='ltr'>plerumque</span> <span class='ocrx_word' id='word_1_94' title='bbox 1005 1814 1166 1891; x_wconf 89' lang='lat' dir='ltr'>putantur</span> <span class='ocrx_word' id='word_1_95' title='bbox 1234 1809 1311 1884; x_wconf 77' lang='lat'>1265</span> 
     </span>
     <span class='ocr_line' id='line_1_16' title="bbox 248 1912 1132 1997; baseline -0.003 -22"><span class='ocrx_word' id='word_1_96' title='bbox 248 1912 414 1997; x_wconf 89' lang='lat' dir='ltr'>concipere</span> <span class='ocrx_word' id='word_1_97' title='bbox 436 1935 559 1988; x_wconf 83' lang='lat' dir='ltr'>uxores,</span> <span class='ocrx_word' id='word_1_98' title='bbox 583 1912 661 1997; x_wconf 88' lang='lat' dir='ltr'>quia</span> <span class='ocrx_word' id='word_1_99' title='bbox 682 1912 727 1976; x_wconf 90' lang='lat' dir='ltr'>sic</span> <span class='ocrx_word' id='word_1_100' title='bbox 750 1912 820 1976; x_wconf 87' lang='lat' dir='ltr'>loca</span> <span class='ocrx_word' id='word_1_101' title='bbox 841 1933 968 1975; x_wconf 87' lang='lat' dir='ltr'>sumere</span> <span class='ocrx_word' id='word_1_102' title='bbox 990 1918 1132 1996; x_wconf 87' lang='lat' dir='ltr'>possunt,</span> 
     </span>
     <span class='ocr_line' id='line_1_17' title="bbox 247 2013 1027 2101; baseline 0 -23"><span class='ocrx_word' id='word_1_103' title='bbox 247 2015 430 2099; x_wconf 82' lang='lat' dir='ltr'>pectoribus</span> <span class='ocrx_word' id='word_1_104' title='bbox 452 2017 573 2101; x_wconf 89' lang='lat' dir='ltr'>positis,</span> <span class='ocrx_word' id='word_1_105' title='bbox 596 2016 730 2079; x_wconf 86' lang='lat' dir='ltr'>sublatis</span> <span class='ocrx_word' id='word_1_106' title='bbox 753 2015 878 2079; x_wconf 88' lang='lat' dir='ltr'>semina</span> <span class='ocrx_word' id='word_1_107' title='bbox 899 2013 1027 2078; x_wconf 75' lang='lat' dir='ltr'>lumbis,</span> 
     </span>
     <span class='ocr_line' id='line_1_18' title="bbox 248 2117 1076 2204; baseline -0.001 -24"><span class='ocrx_word' id='word_1_108' title='bbox 248 2139 307 2181; x_wconf 85' lang='lat' dir='ltr'>nee</span> <span class='ocrx_word' id='word_1_109' title='bbox 329 2119 442 2182; x_wconf 90' lang='lat' dir='ltr'>molles</span> <span class='ocrx_word' id='word_1_110' title='bbox 464 2119 536 2204; x_wconf 91' lang='lat' dir='ltr'>opn’</span> <span class='ocrx_word' id='word_1_111' title='bbox 559 2128 635 2183; x_wconf 88' lang='lat' dir='ltr'>sunt</span> <span class='ocrx_word' id='word_1_112' title='bbox 658 2127 766 2183; x_wconf 88' lang='lat' dir='ltr'>motus</span> <span class='ocrx_word' id='word_1_113' title='bbox 788 2118 942 2182; x_wconf 86' lang='lat' dir='ltr'>uxoribus</span> <span class='ocrx_word' id='word_1_114' title='bbox 964 2117 1076 2180; x_wconf 89' lang='lat' dir='ltr'>hilum.</span> 
     </span>
     <span class='ocr_line' id='line_1_19' title="bbox 248 2221 1193 2306; baseline -0.001 -23"><span class='ocrx_word' id='word_1_115' title='bbox 248 2242 324 2284; x_wconf 84' lang='lat' dir='ltr'>nam</span> <span class='ocrx_word' id='word_1_116' title='bbox 346 2221 464 2285; x_wconf 89' lang='lat' dir='ltr'>mulier</span> <span class='ocrx_word' id='word_1_117' title='bbox 485 2222 634 2306; x_wconf 89' lang='lat' dir='ltr'>prohibet</span> <span class='ocrx_word' id='word_1_118' title='bbox 657 2243 690 2284; x_wconf 89' lang='lat' dir='ltr'>se</span> <span class='ocrx_word' id='word_1_119' title='bbox 713 2221 882 2306; x_wconf 88' lang='lat' dir='ltr'>concipere</span> <span class='ocrx_word' id='word_1_120' title='bbox 904 2230 1003 2303; x_wconf 85' lang='lat' dir='ltr'>atque</span> <span class='ocrx_word' id='word_1_121' title='bbox 1026 2228 1193 2304; x_wconf 84' lang='lat' dir='ltr'>repugnat,</span> 
     </span>
     <span class='ocr_line' id='line_1_20' title="bbox 249 2322 1317 2408; baseline 0.001 -23"><span class='ocrx_word' id='word_1_122' title='bbox 249 2322 396 2387; x_wconf 89' lang='lat' dir='ltr'>clunibus</span> <span class='ocrx_word' id='word_1_123' title='bbox 419 2324 488 2408; x_wconf 82' lang='lat' dir='ltr'>ipsa</span> <span class='ocrx_word' id='word_1_124' title='bbox 511 2325 571 2387; x_wconf 87' lang='lat' dir='ltr'>viri</span> <span class='ocrx_word' id='word_1_125' title='bbox 593 2324 755 2388; x_wconf 86' lang='lat' dir='ltr'>Venerem</span> <span class='ocrx_word' id='word_1_126' title='bbox 778 2325 805 2387; x_wconf 91' lang='lat' dir='ltr'>si</span> <span class='ocrx_word' id='word_1_127' title='bbox 827 2322 914 2387; x_wconf 88' lang='lat' dir='ltr'>laeta</span> <span class='ocrx_word' id='word_1_128' title='bbox 936 2331 1089 2386; x_wconf 86' lang='lat' dir='ltr'>retractat</span> <span class='ocrx_word' id='word_1_129' title='bbox 1235 2337 1317 2402; x_wconf 90' lang='lat'>1270</span> 
     </span>
     <span class='ocr_line' id='line_1_21' title="bbox 248 2427 1019 2513; baseline 0 -23"><span class='ocrx_word' id='word_1_130' title='bbox 248 2435 346 2511; x_wconf 83' lang='lat' dir='ltr'>atque</span> <span class='ocrx_word' id='word_1_131' title='bbox 369 2438 514 2492; x_wconf 85' lang='lat' dir='ltr'>exossato</span> <span class='ocrx_word' id='word_1_132' title='bbox 536 2428 600 2492; x_wconf 92' lang='lat' dir='ltr'>ciet</span> <span class='ocrx_word' id='word_1_133' title='bbox 623 2428 710 2491; x_wconf 92' lang='lat' dir='ltr'>omni</span> <span class='ocrx_word' id='word_1_134' title='bbox 733 2437 862 2513; x_wconf 86' lang='lat' dir='ltr'>pectore</span> <span class='ocrx_word' id='word_1_135' title='bbox 884 2427 1019 2505; x_wconf 81' lang='lat' dir='ltr'>fluetns3</span> 
     </span>
     <span class='ocr_line' id='line_1_22' title="bbox 249 2530 984 2616; baseline 0 -23"><span class='ocrx_word' id='word_1_136' title='bbox 249 2530 323 2594; x_wconf 90' lang='lat' dir='ltr'>eicit</span> <span class='ocrx_word' id='word_1_137' title='bbox 346 2531 433 2594; x_wconf 89' lang='lat' dir='ltr'>enim</span> <span class='ocrx_word' id='word_1_138' title='bbox 456 2531 581 2595; x_wconf 87' lang='lat' dir='ltr'>sulcum</span> <span class='ocrx_word' id='word_1_139' title='bbox 605 2541 693 2596; x_wconf 86' lang='lat' dir='ltr'>recta</span> <span class='ocrx_word' id='word_1_140' title='bbox 716 2531 844 2616; x_wconf 85' lang='lat' dir='ltr'>regione</span> <span class='ocrx_word' id='word_1_141' title='bbox 867 2531 984 2615; x_wconf 88' lang='lat' dir='ltr'>viaque</span> 
     </span>
     <span class='ocr_line' id='line_1_23' title="bbox 247 2633 1030 2719; baseline 0.003 -23"><span class='ocrx_word' id='word_1_142' title='bbox 247 2633 385 2697; x_wconf 81' lang='lat' dir='ltr'>vomeris</span> <span class='ocrx_word' id='word_1_143' title='bbox 407 2643 505 2719; x_wconf 87' lang='lat' dir='ltr'>atque</span> <span class='ocrx_word' id='word_1_144' title='bbox 529 2633 605 2699; x_wconf 89' lang='lat' dir='ltr'>locis</span> <span class='ocrx_word' id='word_1_145' title='bbox 627 2636 745 2700; x_wconf 87' lang='lat' dir='ltr'>avertit</span> <span class='ocrx_word' id='word_1_146' title='bbox 767 2635 899 2700; x_wconf 89' lang='lat' dir='ltr'>seminis</span> <span class='ocrx_word' id='word_1_147' title='bbox 922 2636 1030 2699; x_wconf 90' lang='lat' dir='ltr'>ictum.</span> 
     </span>
     <span class='ocr_line' id='line_1_24' title="bbox 248 2727 1036 2819; baseline 0.003 -21"><span class='ocrx_word' id='word_1_148' title='bbox 248 2734 344 2819; x_wconf 90' lang='lat' dir='ltr'>idque</span> <span class='ocrx_word' id='word_1_149' title='bbox 367 2727 425 2799; x_wconf 81' lang='lat' dir='ltr'>sua</span> <span class='ocrx_word' id='word_1_150' title='bbox 448 2758 543 2800; x_wconf 81' lang='lat' dir='ltr'>causa</span> <span class='ocrx_word' id='word_1_151' title='bbox 565 2747 759 2801; x_wconf 90' lang='lat' dir='ltr'>consuerunt</span> <span class='ocrx_word' id='word_1_152' title='bbox 783 2746 886 2802; x_wconf 84' lang='lat' dir='ltr'>scorta</span> <span class='ocrx_word' id='word_1_153' title='bbox 907 2738 1036 2814; x_wconf 90' lang='lat' dir='ltr'>moveri,</span> 
     </span>
     <span class='ocr_line' id='line_1_25' title="bbox 248 2839 1312 2926; baseline 0.003 -26"><span class='ocrx_word' id='word_1_154' title='bbox 248 2860 289 2901; x_wconf 89' lang='lat' dir='ltr'>ne</span> <span class='ocrx_word' id='word_1_155' title='bbox 311 2839 551 2924; x_wconf 88' lang='lat' dir='ltr'>complerentur</span> <span class='ocrx_word' id='word_1_156' title='bbox 572 2841 682 2904; x_wconf 90' lang='lat' dir='ltr'>crebro</span> <span class='ocrx_word' id='word_1_157' title='bbox 704 2841 920 2926; x_wconf 82' lang='lat' dir='ltr'>gravidaeque</span> <span class='ocrx_word' id='word_1_158' title='bbox 943 2842 1085 2906; x_wconf 86' lang='lat' dir='ltr'>iacerent</span> <span class='ocrx_word' id='word_1_159' title='bbox 1236 2855 1312 2921; x_wconf 79' lang='grc'>1275</span> 
     </span>
     <span class='ocr_line' id='line_1_26' title="bbox 247 2944 1114 3028; baseline 0.005 -22"><span class='ocrx_word' id='word_1_160' title='bbox 247 2951 281 3006; x_wconf 89' lang='lat' dir='ltr'>et</span> <span class='ocrx_word' id='word_1_161' title='bbox 303 2944 399 3007; x_wconf 89' lang='lat' dir='ltr'>simul</span> <span class='ocrx_word' id='word_1_162' title='bbox 422 2944 492 3028; x_wconf 86' lang='lat' dir='ltr'>ipsa</span> <span class='ocrx_word' id='word_1_163' title='bbox 513 2945 589 3008; x_wconf 86' lang='lat' dir='ltr'>viris</span> <span class='ocrx_word' id='word_1_164' title='bbox 611 2945 723 3010; x_wconf 86' lang='lat' dir='ltr'>Venus</span> <span class='ocrx_word' id='word_1_165' title='bbox 745 2955 785 3010; x_wconf 90' lang='lat' dir='ltr'>ut</span> <span class='ocrx_word' id='word_1_166' title='bbox 806 2947 990 3010; x_wconf 88' lang='lat' dir='ltr'>concinnior</span> <span class='ocrx_word' id='word_1_167' title='bbox 1011 2957 1095 3010; x_wconf 88' lang='lat' dir='ltr'>esset</span> <span class='ocrx_word' id='word_1_168' title='bbox 1107 2970 1114 3022; x_wconf 89' lang='lat'>;</span> 
     </span>
     <span class='ocr_line' id='line_1_27' title="bbox 247 3046 1104 3135; baseline 0.004 -26"><span class='ocrx_word' id='word_1_169' title='bbox 247 3046 437 3131; x_wconf 90' lang='lat' dir='ltr'>coniugibus</span> <span class='ocrx_word' id='word_1_170' title='bbox 460 3048 545 3132; x_wconf 92' lang='lat' dir='ltr'>quod</span> <span class='ocrx_word' id='word_1_171' title='bbox 568 3048 615 3112; x_wconf 93' lang='lat' dir='ltr'>nil</span> <span class='ocrx_word' id='word_1_172' title='bbox 637 3050 753 3113; x_wconf 83' lang='lat' dir='ltr'>nostris</span> <span class='ocrx_word' id='word_1_173' title='bbox 777 3072 856 3135; x_wconf 88' lang='lat' dir='ltr'>opus</span> <span class='ocrx_word' id='word_1_174' title='bbox 879 3072 946 3114; x_wconf 89' lang='lat' dir='ltr'>esse</span> <span class='ocrx_word' id='word_1_175' title='bbox 970 3049 1104 3113; x_wconf 86' lang='lat' dir='ltr'>videtur.</span> 
     </span>
    </p>

    <p class='ocr_par' dir='ltr' id='par_1_3' title="bbox 248 3151 1316 3747">
     <span class='ocr_line' id='line_1_28' title="bbox 291 3151 1099 3238; baseline 0.005 -25"><span class='ocrx_word' id='word_1_176' title='bbox 291 3151 362 3213; x_wconf 88' lang='lat' dir='ltr'>Nec</span> <span class='ocrx_word' id='word_1_177' title='bbox 384 3151 539 3214; x_wconf 85' lang='lat' dir='ltr'>divinitus</span> <span class='ocrx_word' id='word_1_178' title='bbox 561 3152 724 3216; x_wconf 90' lang='lat' dir='ltr'>interdum</span> <span class='ocrx_word' id='word_1_179' title='bbox 749 3153 949 3238; x_wconf 86' lang='lat' dir='ltr'>Venerisque</span> <span class='ocrx_word' id='word_1_180' title='bbox 971 3153 1099 3238; x_wconf 87' lang='lat' dir='ltr'>sagittis</span> 
     </span>
     <span class='ocr_line' id='line_1_29' title="bbox 248 3253 1014 3319; baseline 0.003 -3"><span class='ocrx_word' id='word_1_181' title='bbox 248 3253 404 3317; x_wconf 83' lang='lat' dir='ltr'>deteriore</span> <span class='ocrx_word' id='word_1_182' title='bbox 426 3253 465 3317; x_wconf 90' lang='lat' dir='ltr'>fit</span> <span class='ocrx_word' id='word_1_183' title='bbox 487 3261 524 3317; x_wconf 94' lang='lat' dir='ltr'>ut</span> <span class='ocrx_word' id='word_1_184' title='bbox 546 3253 650 3317; x_wconf 80' lang='lat' dir='ltr'>forma</span> <span class='ocrx_word' id='word_1_185' title='bbox 672 3255 859 3319; x_wconf 83' lang='lat' dir='ltr'>muliercula</span> <span class='ocrx_word' id='word_1_186' title='bbox 880 3265 1014 3319; x_wconf 83' lang='lat' dir='ltr'>ametur.</span> 
     </span>
     <span class='ocr_line' id='line_1_30' title="bbox 248 3355 1316 3439; baseline 0.004 -22"><span class='ocrx_word' id='word_1_187' title='bbox 248 3377 323 3417; x_wconf 82' lang='lat' dir='ltr'>nam</span> <span class='ocrx_word' id='word_1_188' title='bbox 346 3355 423 3418; x_wconf 83' lang='lat' dir='ltr'>facit</span> <span class='ocrx_word' id='word_1_189' title='bbox 445 3355 515 3439; x_wconf 88' lang='lat' dir='ltr'>ipsa</span> <span class='ocrx_word' id='word_1_190' title='bbox 536 3356 602 3418; x_wconf 90' lang='lat' dir='ltr'>suis</span> <span class='ocrx_word' id='word_1_191' title='bbox 625 3355 790 3420; x_wconf 90' lang='lat' dir='ltr'>interdum</span> <span class='ocrx_word' id='word_1_192' title='bbox 813 3356 935 3420; x_wconf 87' lang='lat' dir='ltr'>femina</span> <span class='ocrx_word' id='word_1_193' title='bbox 956 3357 1049 3420; x_wconf 88' lang='lat' dir='ltr'>factis</span> <span class='ocrx_word' id='word_1_194' title='bbox 1235 3356 1316 3421; x_wconf 89' lang='lat'>1280</span> 
     </span>
     <span class='ocr_line' id='line_1_31' title="bbox 249 3458 1068 3544; baseline 0.007 -25"><span class='ocrx_word' id='word_1_195' title='bbox 249 3458 476 3542; x_wconf 86' lang='lat' dir='ltr'>morigerisque</span> <span class='ocrx_word' id='word_1_196' title='bbox 499 3458 601 3522; x_wconf 87' lang='lat' dir='ltr'>modis</span> <span class='ocrx_word' id='word_1_197' title='bbox 624 3467 658 3523; x_wconf 87' lang='lat' dir='ltr'>et</span> <span class='ocrx_word' id='word_1_198' title='bbox 680 3460 800 3524; x_wconf 91' lang='lat' dir='ltr'>munde</span> <span class='ocrx_word' id='word_1_199' title='bbox 823 3482 952 3544; x_wconf 89' lang='lat' dir='ltr'>corpore</span> <span class='ocrx_word' id='word_1_200' title='bbox 975 3461 1068 3537; x_wconf 88' lang='lat' dir='ltr'>culte,</span> 
     </span>
     <span class='ocr_line' id='line_1_32' title="bbox 251 3560 1039 3646; baseline 0.009 -24"><span class='ocrx_word' id='word_1_201' title='bbox 251 3569 288 3623; x_wconf 91' lang='lat' dir='ltr'>ut</span> <span class='ocrx_word' id='word_1_202' title='bbox 311 3560 403 3623; x_wconf 87' lang='lat' dir='ltr'>facile</span> <span class='ocrx_word' id='word_1_203' title='bbox 426 3561 587 3625; x_wconf 84' lang='lat' dir='ltr'>insuescat</span> <span class='ocrx_word' id='word_1_204' title='bbox 610 3570 639 3626; x_wconf 82' lang='lat' dir='ltr'>tc</span> <span class='ocrx_word' id='word_1_205' title='bbox 660 3585 768 3625; x_wconf 87' lang='lat' dir='ltr'>secum</span> <span class='ocrx_word' id='word_1_206' title='bbox 793 3562 908 3646; x_wconf 90' lang='lat' dir='ltr'>degere</span> <span class='ocrx_word' id='word_1_207' title='bbox 930 3563 1039 3630; x_wconf 85' lang='lat' dir='ltr'>vitem.</span> 
     </span>
     <span class='ocr_line' id='line_1_33' title="bbox 248 3661 1106 3747; baseline 0.009 -23"><span class='ocrx_word' id='word_1_208' title='bbox 248 3661 333 3746; x_wconf 91' lang='lat' dir='ltr'>quod</span> <span class='ocrx_word' id='word_1_209' title='bbox 356 3671 509 3747; x_wconf 86' lang='lat' dir='ltr'>superest,</span> <span class='ocrx_word' id='word_1_210' title='bbox 533 3664 730 3727; x_wconf 89' lang='lat' dir='ltr'>consuetudo</span> <span class='ocrx_word' id='word_1_211' title='bbox 752 3665 924 3729; x_wconf 84' lang='lat' dir='ltr'>concinnat</span> <span class='ocrx_word' id='word_1_212' title='bbox 946 3688 1106 3746; x_wconf 77' lang='lat' dir='ltr'>emorem3</span> 
     </span>
    </p>
   </div>
   <div class='ocr_carea' id='block_1_3' title="bbox 159 3898 1314 4046">
    <p class='ocr_par' dir='ltr' id='par_1_4' title="bbox 159 3898 1314 4046">
     <span class='ocr_line' id='line_1_34' title="bbox 160 3898 1314 3964; baseline 0.003 -19"><span class='ocrx_word' id='word_1_213' title='bbox 160 3899 239 3945; x_wconf 80' lang='lat' dir='ltr'>wrote</span> <span class='ocrx_word' id='word_1_214' title='bbox 253 3911 298 3958; x_wconf 78' lang='lat' dir='ltr'>pos</span> <span class='ocrx_word' id='word_1_215' title='bbox 310 3904 382 3945; x_wconf 75' lang='lat' dir='ltr'>sant:</span> <span class='ocrx_word' id='word_1_216' title='bbox 400 3911 485 3959; x_wconf 88' lang='lat' dir='ltr'>comp.</span> <span class='ocrx_word' id='word_1_217' title='bbox 498 3898 561 3947; x_wconf 81' lang='lat' dir='ltr'>uss</span> <span class='ocrx_word' id='word_1_218' title='bbox 574 3899 719 3960; x_wconf 73' lang='lat' dir='ltr'>poscaenia.</span> <span class='ocrx_word' id='word_1_219' title='bbox 821 3901 884 3950; x_wconf 84' lang='grc'>1259</span> <span class='ocrx_word' id='word_1_220' title='bbox 903 3901 1025 3950; x_wconf 76' lang='lat' dir='ltr'>Grusmne</span> <span class='ocrx_word' id='word_1_221' title='bbox 1042 3900 1091 3949; x_wconf 82' lang='lat' dir='ltr'>Ed.</span> <span class='ocrx_word' id='word_1_222' title='bbox 1104 3902 1144 3950; x_wconf 82' lang='grc'>101·</span> <span class='ocrx_word' id='word_1_223' title='bbox 1163 3901 1314 3964; x_wconf 60' lang='lat' dir='ltr'>&amp;anaqam</span> 
     </span>
     <span class='ocr_line' id='line_1_35' title="bbox 159 3979 1314 4046; baseline 0 -17"><span class='ocrx_word' id='word_1_224' title='bbox 159 3995 190 4029; x_wconf 79' lang='lat' dir='ltr'>ns</span> <span class='ocrx_word' id='word_1_225' title='bbox 208 3981 283 4041; x_wconf 78' lang='lat' dir='ltr'>refert</span> <span class='ocrx_word' id='word_1_226' title='bbox 300 3982 449 4028; x_wconf 71' lang='lat' dir='ltr'>corruentem</span> <span class='ocrx_word' id='word_1_227' title='bbox 466 3979 527 4029; x_wconf 86' lang='lat' dir='ltr'>does</span> <span class='ocrx_word' id='word_1_228' title='bbox 538 3983 584 4028; x_wconf 91' lang='lat' dir='ltr'>not</span> <span class='ocrx_word' id='word_1_229' title='bbox 598 3995 668 4029; x_wconf 85' lang='lat' dir='ltr'>seem</span> <span class='ocrx_word' id='word_1_230' title='bbox 685 3979 765 4029; x_wconf 76' lang='lat' dir='ltr'>Latin</span> <span class='ocrx_word' id='word_1_231' title='bbox 781 3995 833 4044; x_wconf 79' lang='lat' dir='ltr'>any</span> <span class='ocrx_word' id='word_1_232' title='bbox 843 3996 914 4031; x_wconf 88' lang='lat' dir='ltr'>more</span> <span class='ocrx_word' id='word_1_233' title='bbox 925 3982 990 4032; x_wconf 82' lang='lat' dir='ltr'>then</span> <span class='ocrx_word' id='word_1_234' title='bbox 1002 3998 1035 4031; x_wconf 89' lang='lat'>111</span> <span class='ocrx_word' id='word_1_235' title='bbox 1052 3984 1100 4032; x_wconf 84' lang='lat'>868</span> <span class='ocrx_word' id='word_1_236' title='bbox 1111 3984 1212 4046; x_wconf 80' lang='lat' dir='ltr'>differre</span> <span class='ocrx_word' id='word_1_237' title='bbox 1223 3984 1314 4046; x_wconf 73' lang='lat' dir='ltr'>fuerit,</span> 
     </span>
    </p>
   </div>
   <div class='ocr_carea' id='block_1_4' title="bbox 159 4064 1316 4200">
    <p class='ocr_par' dir='ltr' id='par_1_5' title="bbox 159 4064 1316 4200">
     <span class='ocr_line' id='line_1_36' title="bbox 159 4064 1249 4127; baseline 0 -14"><span class='ocrx_word' id='word_1_238' title='bbox 159 4064 213 4114; x_wconf 83' lang='lat' dir='ltr'>and</span> <span class='ocrx_word' id='word_1_239' title='bbox 224 4081 271 4127; x_wconf 78' lang='lat' dir='ltr'>que</span> <span class='ocrx_word' id='word_1_240' title='bbox 282 4065 305 4113; x_wconf 87' lang='lat' dir='ltr'>is</span> <span class='ocrx_word' id='word_1_241' title='bbox 320 4065 392 4127; x_wconf 87' lang='lat' dir='ltr'>quite</span> <span class='ocrx_word' id='word_1_242' title='bbox 410 4066 581 4127; x_wconf 85' lang='lat' dir='ltr'>superfluous.</span> <span class='ocrx_word' id='word_1_243' title='bbox 614 4069 761 4115; x_wconf 80' lang='lat' dir='ltr'>conueniant</span> <span class='ocrx_word' id='word_1_244' title='bbox 779 4067 844 4115; x_wconf 80' lang='lat' dir='ltr'>Mar.</span> <span class='ocrx_word' id='word_1_245' title='bbox 857 4067 914 4115; x_wconf 77' lang='lat' dir='ltr'>AM.</span> <span class='ocrx_word' id='word_1_246' title='bbox 925 4068 938 4115; x_wconf 96' lang='grc'>1</span> <span class='ocrx_word' id='word_1_247' title='bbox 951 4068 1024 4116; x_wconf 84' lang='lat' dir='ltr'>Junt.</span> <span class='ocrx_word' id='word_1_248' title='bbox 1037 4067 1077 4115; x_wconf 83' lang='grc'>101</span> <span class='ocrx_word' id='word_1_249' title='bbox 1093 4068 1249 4114; x_wconf 74' lang='lat' dir='ltr'>conveniant.</span> 
     </span>
     <span class='ocr_line' id='line_1_37' title="bbox 194 4143 1316 4200; baseline -0.001 -7"><span class='ocrx_word' id='word_1_250' title='bbox 194 4147 258 4195; x_wconf 88' lang='grc'>1262</span> <span class='ocrx_word' id='word_1_251' title='bbox 269 4148 330 4194; x_wconf 77' lang='lat' dir='ltr'>aliis</span> <span class='ocrx_word' id='word_1_252' title='bbox 341 4146 401 4195; x_wconf 84' lang='lat' dir='ltr'>Ver.</span> <span class='ocrx_word' id='word_1_253' title='bbox 413 4147 477 4195; x_wconf 86' lang='lat' dir='ltr'>Ven.</span> <span class='ocrx_word' id='word_1_254' title='bbox 490 4148 555 4196; x_wconf 81' lang='lat' dir='ltr'>Mur.</span> <span class='ocrx_word' id='word_1_255' title='bbox 567 4148 607 4195; x_wconf 77' lang='grc'>101</span> <span class='ocrx_word' id='word_1_256' title='bbox 621 4151 677 4196; x_wconf 78' lang='lat' dir='ltr'>alii.</span> <span class='ocrx_word' id='word_1_257' title='bbox 778 4150 841 4198; x_wconf 85' lang='grc'>12118</span> <span class='ocrx_word' id='word_1_258' title='bbox 858 4151 909 4198; x_wconf 84' lang='lat' dir='ltr'>Nec</span> <span class='ocrx_word' id='word_1_259' title='bbox 927 4150 1002 4200; x_wconf 87' lang='lat' dir='ltr'>Pent.</span> <span class='ocrx_word' id='word_1_260' title='bbox 1015 4149 1080 4197; x_wconf 80' lang='lat' dir='ltr'>Mar.</span> <span class='ocrx_word' id='word_1_261' title='bbox 1094 4148 1173 4197; x_wconf 79' lang='lat' dir='ltr'>Aldl</span> <span class='ocrx_word' id='word_1_262' title='bbox 1189 4147 1263 4196; x_wconf 85' lang='lat' dir='ltr'>Junt.</span> <span class='ocrx_word' id='word_1_263' title='bbox 1276 4143 1316 4192; x_wconf 80' lang='lat' dir='ltr'>for</span> 
     </span>
    </p>
   </div>
   <div class='ocr_carea' id='block_1_5' title="bbox 157 4225 1317 4361">
    <p class='ocr_par' dir='ltr' id='par_1_6' title="bbox 157 4225 1317 4361">
     <span class='ocr_line' id='line_1_38' title="bbox 157 4225 1315 4280; baseline -0.002 -5"><span class='ocrx_word' id='word_1_264' title='bbox 157 4228 205 4276; x_wconf 73' lang='lat' dir='ltr'>Ne.</span> <span class='ocrx_word' id='word_1_265' title='bbox 239 4228 297 4276; x_wconf 82' lang='lat' dir='ltr'>Non</span> <span class='ocrx_word' id='word_1_266' title='bbox 315 4227 404 4277; x_wconf 84' lang='lat' dir='ltr'>Onmb.</span> <span class='ocrx_word' id='word_1_267' title='bbox 505 4230 569 4279; x_wconf 84' lang='grc'>1270</span> <span class='ocrx_word' id='word_1_268' title='bbox 585 4236 706 4278; x_wconf 75' lang='lat' dir='ltr'>retractet</span> <span class='ocrx_word' id='word_1_269' title='bbox 723 4229 753 4278; x_wconf 91' lang='lat' dir='ltr'>B.</span> <span class='ocrx_word' id='word_1_270' title='bbox 787 4238 904 4280; x_wconf 80' lang='lat' dir='ltr'>retractet</span> <span class='ocrx_word' id='word_1_271' title='bbox 921 4231 944 4279; x_wconf 83' lang='grc' dir='ltr'><strong>Δ</strong></span> <span class='ocrx_word' id='word_1_272' title='bbox 962 4230 1014 4280; x_wconf 74' lang='lat' dir='ltr'>end</span> <span class='ocrx_word' id='word_1_273' title='bbox 1030 4230 1065 4278; x_wconf 77' lang='lat' dir='ltr'>el]</span> <span class='ocrx_word' id='word_1_274' title='bbox 1086 4229 1161 4278; x_wconf 85' lang='lat' dir='ltr'>other</span> <span class='ocrx_word' id='word_1_275' title='bbox 1180 4241 1243 4276; x_wconf 85' lang='lat' dir='ltr'>mss.</span> <span class='ocrx_word' id='word_1_276' title='bbox 1263 4225 1315 4275; x_wconf 79' lang='lat' dir='ltr'>und</span> 
     </span>
     <span class='ocr_line' id='line_1_39' title="bbox 159 4307 1317 4361; baseline -0.003 -4"><span class='ocrx_word' id='word_1_277' title='bbox 159 4307 403 4359; x_wconf 66' lang='lat' dir='ltr'>sustentatam.</span> <span class='ocrx_word' id='word_1_278' title='bbox 498 4312 560 4360; x_wconf 83' lang='grc'>1281</span> <span class='ocrx_word' id='word_1_279' title='bbox 572 4313 650 4360; x_wconf 75' lang='lat' dir='ltr'>aredis</span> <span class='ocrx_word' id='word_1_280' title='bbox 661 4311 736 4360; x_wconf 85' lang='lat' dir='ltr'>Pont.</span> <span class='ocrx_word' id='word_1_281' title='bbox 745 4311 810 4360; x_wconf 84' lang='lat' dir='ltr'>Mar.</span> <span class='ocrx_word' id='word_1_282' title='bbox 818 4312 892 4361; x_wconf 84' lang='lat' dir='ltr'>Junt.</span> <span class='ocrx_word' id='word_1_283' title='bbox 900 4312 940 4361; x_wconf 78' lang='lat' dir='ltr'>lor</span> <span class='ocrx_word' id='word_1_284' title='bbox 950 4313 1032 4361; x_wconf 73' lang='lat' dir='ltr'>moris</span> <span class='ocrx_word' id='word_1_285' title='bbox 1127 4309 1190 4359; x_wconf 81' lang='grc'>1282</span> <span class='ocrx_word' id='word_1_286' title='bbox 1203 4315 1317 4357; x_wconf 66' lang='lat' dir='ltr'>tetecum</span> 
     </span>
    </p>
   </div>
   <div class='ocr_carea' id='block_1_6' title="bbox 1166 4409 1208 4470">
    <p class='ocr_par' dir='ltr' id='par_1_7' title="bbox 1166 4409 1208 4470">
     <span class='ocr_line' id='line_1_40' title="bbox 1166 4409 1208 4470; baseline 0 0"><span class='ocrx_word' id='word_1_287' title='bbox 1166 4409 1208 4470; x_wconf 86' lang='grc'>14</span> 
     </span>
    </p>
   </div>
   <div class='ocr_carea' id='block_1_7' title="bbox 0 0 1552 4984">
    <p class='ocr_par' dir='ltr' id='par_1_8' title="bbox 0 0 1552 4984">
     <span class='ocr_line' id='line_1_41' title="bbox 0 0 1552 4984; baseline 0 0"><span class='ocrx_word' id='word_1_288' title='bbox 0 0 1552 4984; x_wconf 95' lang='lat' dir='ltr'> </span> 
     </span>
    </p>
   </div>
  </div>
 </body>
</html>
