3092 4984
727 252 761 315 II

246 429 315 472 non
336 396 521 491 alia'longe
542 404 670 471 ratione
691 405 797 491 adque
819 405 911 471 arida
931 405 1020 492 ligna

247 510 391 596 explieat
411 510 446 576 in
470 509 620 575 flammas
641 518 677 575 et
696 510 734 575 irs
753 509 839 597 ignis
860 511 970 576 omnia
989 520 1104 577 versat.

246 616 358 679 iamne
379 613 471 679 vides
491 613 594 699 igitur
615 613 726 699 magni
746 614 924 700 primordia
944 637 1053 680 rerum

246 718 368 784 referre
390 719 427 783 in
448 718 538 804 quali
560 718 627 783 siut
648 718 760 784 ordine
782 741 929 805 quaeque
951 719 1056 784 looata

247 833 285 888 et
306 823 484 888 oommirta
506 823 625 909 quibus
646 823 727 889 deut
747 833 856 889 motus
877 822 1123 909 accipiantque?
1259 824 1318 902 885

293 929 379 993 Tum
402 951 496 1014 porro
518 928 598 1015 quid
620 928 655 992 id
677 937 734 1006 est,
757 927 905 993 animum
927 927 1013 1013 quod
1034 927 1184 1014 percutit,
1199 925 1306 1012 ipsum

248 1033 337 1118 quod
361 1040 471 1097 movet
493 1042 527 1098 et
549 1031 654 1097 varios
675 1054 786 1097 sensus
808 1053 995 1116 expromere
1017 1031 1111 1117 oogit,

129 1133 132 1136 ⁴
248 1159 291 1201 ex
312 1136 525 1201 insensilibus
545 1157 588 1200 ne
610 1134 720 1199 credas
741 1135 858 1200 sensile
880 1135 993 1220 gigni?

247 1239 409 1304 nimirum
430 1238 556 1323 lapides
579 1245 612 1302 et
634 1237 724 1322 ligna
745 1246 779 1302 et
801 1246 889 1302 terra
910 1236 996 1323 quod
1017 1260 1085 1303 una

247 1344 356 1409 mixta
377 1351 492 1407 tamen
514 1350 683 1427 nequeunt
705 1341 840 1406 vitalem
861 1341 994 1407 reddere
1015 1363 1156 1407 sensum
1260 1342 1324 1423 890

247 1445 331 1509 illud
352 1445 390 1509 in
414 1444 466 1508 his
488 1443 590 1528 igitur
611 1444 708 1507 rebus
729 1442 915 1509 meminisse
937 1443 1072 1522 deoebit,

247 1571 315 1613 non
337 1571 379 1614 ex
401 1547 552 1613 omnibus
574 1546 716 1628 omnine,
738 1569 962 1634 quaecumque
983 1557 1094 1614 creant
1115 1571 1173 1627 res,

249 1652 369 1717 sensile
391 1661 426 1717 et
448 1650 613 1736 extemplo
636 1672 688 1716 me
708 1651 800 1737 gigni
821 1652 927 1717 dicere
949 1675 1067 1731 sensus,

250 1755 308 1820 sed
329 1756 443 1840 magni
465 1755 584 1820 referre
606 1776 646 1819 ea
666 1754 810 1840 primum
832 1757 990 1842 quantula
1010 1766 1165 1835 constent,
1351 1826 1358 1835 ,

248 1858 369 1923 sensile
392 1880 477 1943 quae
499 1858 633 1934 faciunt,
655 1867 778 1945 etqua
799 1859 867 1925 sint
888 1859 1037 1944 praedita
1057 1861 1167 1937 forma,
1260 1862 1319 1943 895

251 1963 397 2027 motibus
418 1961 584 2028 ordinibus
606 1962 758 2047 posituris
780 1964 924 2049 denique
946 1985 1030 2050 quae
1051 1963 1125 2030 sint.

250 2088 392 2151 quarum
413 2066 461 2130 nil
483 2088 591 2130 rerum
613 2066 648 2130 in
669 2066 767 2152 lignis
788 2067 976 2153 glaebisque
998 2066 1164 2148 videmus;

251 2180 286 2236 et
307 2180 422 2237 tamen
443 2172 533 2248 haee,
555 2194 630 2236 oum
652 2180 730 2237 sunt
751 2171 844 2257 quasi
866 2170 1048 2258 putrefacta
1069 2194 1128 2258 per
1148 2172 1275 2250 imbres,

252 2275 446 2341 vermiculos
466 2274 607 2361 pariunt,
630 2275 708 2359 qnia
728 2295 860 2359 oorpora
880 2274 1028 2339 materiai

253 2377 398 2463 antiquis
420 2399 461 2443 er
483 2376 648 2441 ordinibus
670 2384 818 2462 permota
838 2399 921 2440 nova
942 2399 976 2440 re
1257 2395 1322 2459 900

253 2482 468 2548 oonsiliantur
488 2481 536 2547 ita
557 2489 596 2546 ui
617 2481 737 2547 debent
758 2482 912 2547 animalia
931 2483 1028 2568 gigni.

253 2584 372 2649 deinde
394 2606 442 2661 ea,
464 2584 636 2649 sensilibus
657 2585 714 2669 qui
735 2584 851 2650 sensile
873 2607 964 2670 posse
986 2588 1083 2652 meari

254 2690 461 2755 constituunt
482 2710 575 2774 porro
597 2711 639 2754 ex
660 2689 740 2767 aliis,
762 2690 883 2755 sentire
904 2698 998 2757 sueta

255 2794 367 2860 mollia
387 2794 455 2859 iam
476 2795 607 2861 faciunt.
630 2817 707 2860 nam
728 2816 840 2861 sensus
861 2795 1007 2882 iungitur
1027 2798 1131 2862 omnis

255 2895 433 2962 visoeribus
455 2896 561 2963 nervis
582 2896 681 2974 venis,
704 2918 790 2982 quae
811 2898 927 2983 auique
949 2898 1096 2964 videmus
1259 2914 1320 2982 905

256 3002 369 3068 mollia
388 3002 519 3067 mortali
540 3002 712 3068 oonsistere
733 3024 864 3089 oorpore
885 3016 980 3069 oreta

258 3106 316 3172 sed
337 3113 450 3173 tamen
471 3114 541 3171 esto
562 3106 628 3171 iam
649 3127 742 3192 posse
763 3106 843 3171 haeo
864 3115 997 3172 aetema
1018 3127 1165 3172 manere:

258 3232 377 3297 nempe
398 3218 511 3275 tamen
533 3208 654 3274 debent
674 3216 733 3274 aut
755 3231 885 3275 sensum
907 3209 1009 3295 partis
1030 3208 1149 3273 habere

258 3324 319 3382 aut
338 3313 438 3380 simili
458 3314 537 3379 totis
558 3312 751 3379 animalibus
772 3335 841 3378 esse
862 3312 980 3398 putari

219 3427 224 3435 '
254 3427 291 3483 at
313 3425 477 3503 nequeant
498 3438 557 3502 per
578 3437 612 3481 se
633 3424 741 3502 partes
763 3414 885 3481 sentire
906 3435 1035 3480 neeesse
1057 3422 1123 3495 est3
1253 3435 1318 3500 910

197 3661 253 3713 875
270 3660 353 3724 flavii
365 3659 472 3722 frosda
491 3657 585 3709 Lamb.
606 3658 646 3708 lor
657 3659 737 3722 fluvii
756 3660 785 3707 ia
798 3658 911 3722 frondes.
1008 3658 1057 3707 882
1080 3659 1108 3707 in
1124 3660 1192 3721 ienis
1209 3657 1278 3709 Flos.
1288 3662 1318 3709 31

160 3740 265 3794 Gamb-
287 3738 362 3789 Ponte
379 3738 446 3789 Mar.
465 3742 515 3789 sto.
533 3739 572 3789 lor
590 3741 666 3802 ιρπίε.
764 3739 813 3789 888
835 3740 914 3802 siam.
947 3741 1017 3789 asaei
1036 3739 1152 3790 Priscian
1169 3754 1196 3790 rr
1215 3743 1260 3792 27:
1278 3757 1322 3789 see

159 3826 253 3876 abore
268 3823 331 3886 pl.
429 3821 824 3886 891rebaolrano.iorsedm.
854 3823 944 3886 foedio
955 3822 1029 3873 Wak.
1045 3823 1175 3887 absurdly.
1274 3826 1323 3875 893

160 3907 269 3957 &nile
280 3903 353 3954 Nise.
364 3903 406 3953 lor
416 3905 537 3954 Scaeua.
570 3911 594 3953 et
609 3906 729 3968 exwoplo
742 3903 853 3967 Nauger.
864 3903 917 3954 and
933 3918 949 3954 a
964 3905 1017 3955 late
1033 3909 1158 3956 oorreotor
1168 3907 1196 3957 ol
1209 3906 1255 3957 the
1266 3905 1321 3954 eod.

159 3987 268 4037 Vm.
288 3984 349 4035 vho
365 3999 438 4035 mors
460 3983 526 4034 than
554 3998 618 4034 onae
639 3998 726 4048 agrees
747 3984 819 4044 wilh,
846 3985 969 4050 probably
988 3986 1086 4037 follows
1107 3984 1260 4052 Naugerius,
1286 3988 1326 4036 lor

159 4069 286 4132 amplo.
383 4065 1326 4130 mmhoebsoreoezhedsoreadsaemsnismforsmssom,andsos

159 4154 248 4204 meeis
258 4147 324 4200 vids
333 4147 428 4199 Lumb.
440 4149 480 4199 ior
489 4152 562 4200 nati.
595 4148 685 4212 Iksap
695 4151 832 4209 mullibus,
843 4147 953 4201 888903
963 4149 1110 4201 wadnam.
1209 4149 1259 4201 904
1275 4150 1329 4196 ἰαπι

160 4233 253 4287 heb·
269 4230 391 4296 properly
400 4231 442 4282 lor
450 4246 515 4283 eum.
549 4230 708 4282 mmhsmb.
805 4232 855 4284 805
871 4235 960 4296 usique
975 4231 1025 4283 Ed.
1044 4233 1084 4282 tor
1099 4246 1209 4295 ermque.
1237 4236 1328 4281 macta

162 4316 255 4370 nula
356 4316 404 4366 909
420 4317 499 4365 duali
517 4312 596 4365 Lech.
612 4314 653 4364 lor
667 4315 766 4366 similo.
864 4315 913 4365 910
928 4316 963 4364 At
979 4314 1044 4365 Mar.
1056 4313 1131 4363 sunt.
1147 4314 1187 4363 lor
1203 4315 1263 4363 Aut.

1159 4412 1241 4473 8-2
