3092 4984
702 310 752 376 Ν
1247 335 1308 403 ¹79

230 466 471 554 quadratasque
492 465 604 550 procul
625 465 725 530 turris
746 487 823 531 cum
844 466 1007 532 cemimus
1029 468 1126 545 urbis„

228 576 399 655 propterea
419 567 459 632 fit
482 567 530 631 uti
552 566 724 632 videantur
746 589 843 654 saepe
864 570 1037 647 rutundae,

229 672 368 758 angulus
390 678 525 756 optusus
547 670 626 755 quia
646 670 742 756 longe
764 672 909 736 cernitur
929 675 1035 738 omnis
1240 692 1300 758 355

229 776 297 840 sire
319 774 420 839 etiam
442 773 551 859 potius
573 794 639 837 non
660 774 804 838 cernitur
824 796 862 838 ac
884 776 969 860 perit
991 777 1062 842 eius

228 878 324 964 plaga
344 899 405 943 nee
426 876 468 940 ad
490 885 617 940 nostras
638 876 723 941 acies
745 877 927 961 perlabitur
948 879 1042 955 ictus,

229 1002 305 1045 aera
324 1002 383 1065 per
405 977 547 1042 multum
569 978 648 1063 quia
668 977 748 1042 dum
769 980 942 1045 simulacra
963 981 1121 1059 feruntur,

229 1081 315 1167 cogit
336 1080 508 1145 hebescere
530 1101 607 1144 eum
629 1080 748 1144 crebris
770 1081 947 1147 offensibus
969 1105 1033 1149 aer.

229 1185 291 1250 hoe
311 1183 369 1249 ubi
391 1183 527 1268 suffugit
549 1205 680 1248 sensum
701 1183 799 1248 simul
821 1185 960 1271 angulus
982 1188 1097 1264 omnis,
1239 1191 1304 1270 360

231 1286 271 1352 fit
292 1286 386 1373 quasi
408 1294 446 1350 ut
467 1284 510 1350 ad
532 1294 664 1350 turnum
685 1308 837 1351 saxorum
859 1296 983 1353 structa
1004 1298 1173 1370 terantur3

230 1412 296 1455 non
317 1398 429 1455 tamen
451 1397 490 1453 ut
512 1411 620 1454 eoram
642 1412 726 1476 quae
748 1400 826 1456 sunt
848 1413 986 1477 vereque
1009 1395 1161 1471 rutunda,

228 1495 285 1560 sed
307 1494 399 1580 quasi
421 1493 641 1558 adumbratim
661 1494 798 1580 paulum
819 1496 973 1562 simulata
995 1498 1155 1564 videntur.

229 1597 345 1662 umbra
365 1595 495 1661 videtur
516 1596 596 1660 item
618 1596 713 1662 nobis
735 1598 770 1661 in
792 1598 858 1663 sole
881 1601 1003 1665 moveri

230 1709 265 1766 et
286 1699 423 1785 vestigia
444 1707 554 1763 nostra
575 1699 667 1784 sequi
688 1708 884 1786 gestumque
906 1703 1049 1783 imitari3
1236 1705 1296 1785 365

229 1824 306 1867 aera
326 1802 354 1867 si
375 1802 478 1867 credis
502 1802 667 1887 privatum
688 1803 812 1868 lumine
834 1827 927 1890 posse

229 1904 410 1991 indugredi,
433 1913 542 1969 motus
563 1903 734 1970 hominum
754 1915 949 1993 gestumque
972 1919 1183 1994 sequentem3

230 2033 307 2076 nam
328 2010 376 2074 nil
398 2031 467 2075 esse
489 2017 597 2094 potest
620 2010 703 2076 aliut
724 2012 789 2076 nisi
812 2012 936 2077 lumine
958 2035 1067 2078 eassus

229 2137 285 2180 aer
306 2114 340 2179 id
362 2113 449 2201 quod
471 2136 530 2179 nos
551 2115 700 2179 umbram
721 2116 893 2201 perhibere
915 2123 1054 2183 suemus.
1094 2184 1110 2213 ὓ

230 2219 386 2284 nimirum
408 2220 486 2304 quia
507 2227 594 2284 terra
614 2220 691 2285 locis
713 2242 754 2284 ex
777 2220 889 2285 ordine
911 2222 1007 2286 eertis
1236 2237 1301 2305 370

230 2324 354 2389 lumine
374 2324 521 2409 privatur
543 2324 617 2388 solis
639 2347 844 2411 quacumque
867 2334 1013 2392 meantes

230 2425 394 2505 efficimus,
416 2426 560 2512 repletur
581 2427 663 2492 item
684 2427 771 2513 quod
792 2427 947 2514 liquimus
969 2430 1047 2509 eius,

229 2537 400 2615 propterea
422 2528 462 2592 fit
483 2528 534 2594 uti
555 2529 713 2606 videatur,
737 2552 821 2615 quae
843 2530 908 2597 fuit
929 2532 1046 2597 umbra

230 2634 377 2720 corporis,
400 2657 419 2699 e
440 2634 571 2719 regione
593 2634 707 2700 eadem
728 2656 788 2700 nos
809 2658 912 2721 usque
934 2646 1052 2702 secuta

230 2759 357 2824 semper
378 2738 466 2803 enim
488 2760 573 2803 nova
593 2761 627 2805 se
649 2739 813 2806 radiorum
835 2740 961 2807 lumina
981 2742 1124 2807 fundunt
1232 2759 1293 2826 375

230 2841 399 2927 primaque
421 2840 617 2926 dispereunt,
641 2842 734 2927 quasi
755 2843 792 2906 in
813 2842 924 2928 ignem
946 2844 1021 2909 lans
1043 2845 1199 2910 trahatur.

229 2951 401 3029 propterea
421 2943 514 3008 facile
536 2951 570 3008 et
592 2944 749 3029 spoliatur
770 2945 893 3011 lumine
915 2956 1003 3012 terra

230 3056 264 3112 et
285 3048 429 3134 repletur
450 3048 530 3112 item
553 3048 725 3135 nigrasque
747 3050 810 3115 sibi
832 3050 937 3117 abluit
958 3051 1098 3116 umbras

273 3150 345 3215 Nec
366 3158 479 3215 tamen
498 3150 552 3215 hie
574 3151 682 3217 oeulos
703 3152 772 3216 falli
794 3153 999 3218 coneedimus
1021 3153 1133 3218 hilum

229 3275 307 3317 nam
328 3275 532 3338 quocumque
554 3253 623 3318 loeo
644 3254 688 3319 sit
709 3254 767 3318 lux
788 3264 889 3340 atque
911 3256 1027 3319 umbra
1048 3254 1133 3318 tueri
1234 3258 1299 3335 380

189 3387 195 3395 ·
230 3350 359 3420 illorum
381 3364 451 3436 θεῖς
473 3356 586 3421 eadem
608 3379 684 3422 vero
706 3358 772 3422 sint
795 3357 921 3422 lumina
941 3378 1052 3433 necne,

231 3460 410 3547 umbraque
432 3482 516 3546 quae
537 3460 601 3526 fuit
619 3461 672 3526 hie
694 3462 809 3527 eadem
831 3484 920 3527 nune
941 3469 1084 3526 transeat
1106 3460 1190 3539 illuc,

229 3588 273 3631 an
293 3567 401 3652 potius
423 3567 481 3632 fiat
502 3567 600 3652 paulo
622 3567 709 3652 quod
731 3567 874 3632 diximus
895 3576 981 3643 ante,

229 3669 290 3733 hoc
311 3669 412 3734 animi
434 3668 567 3735 demum
589 3670 672 3735 ratio
694 3669 874 3735 discernere
896 3669 1002 3747 debet,

229 3794 289 3838 nee
309 3781 447 3859 possunt
468 3772 551 3838 oculi
573 3780 725 3837 naturam
747 3794 878 3839 noseere
900 3795 1015 3838 rerum
1237 3776 1297 3857 385

173 3961 222 4012 867
239 3961 306 4010 aeia
323 3957 395 4013 Niso.
407 3959 430 4009 B
441 3974 505 4010 sorr.
518 3960 558 4010 for
575 3966 637 4011 ates·
666 3960 811 4023 perlabitur
827 3957 920 4008 Lamb.
936 3957 977 4009 ed
989 3960 1004 4008 3
1016 3957 1073 4007 first
1088 3956 1129 4007 ior
1144 3958 1299 4015 ᾱιήαὺίιιινς

140 4042 209 4092 from
218 4041 304 4092 whom
315 4041 369 4092 uin
381 4041 422 4092 sd.
434 4043 449 4090 2
461 4041 522 4091 took
530 4040 552 4091 it
563 4040 672 4091 without
683 4040 926 4102 seknowledgment.
959 4042 1119 4089 derivabitur
1129 4039 1200 4089 Nise.
1234 4041 1302 4089 dela·

140 4126 212 4175 bine
222 4125 316 4175 Arana
349 4126 468 4175 ambitur
478 4124 543 4174 Mar.
555 4124 630 4174 sunt.
663 4122 1075 4174 adlabiturhamb.edlandss.
1108 4124 1236 4172 errabitur
1246 4123 1302 4171 uir.

139 4205 182 4257 ed.
195 4207 220 4256 1.
317 4206 365 4256 sul
383 4212 481 4256 tomum
499 4206 570 4256 Flor.
578 4205 609 4255 31
626 4204 707 4254 svnt.
727 4203 799 4254 Brix.
820 4203 885 4253 Mar.
904 4205 944 4253 ior
962 4212 1070 4253 tamum.
1105 4202 1299 4251 wrmesmb

141 4287 495 4339 mannussdiormnwr.
529 4286 1302 4338 smmumhbutaatomumhmnounseorwmtmc·

140 4370 199 4423 tion
209 4369 274 4422 with
285 4377 390 4423 matur
399 4384 429 4422 or
440 4378 550 4431 ιιιαιιιιιν,
561 4385 591 4423 ss
601 4370 695 4422 hamb.
707 4385 768 4430 saw,
778 4370 837 4421 who
851 4369 927 4422 reads
943 4378 1044 4421 wmasa
1054 4376 1084 4419 ιιι
1099 4368 1139 4417 ror
1150 4367 1185 4415 ad
1197 4373 1303 4422 tornum,

1111 4464 1217 4528 12-2
