3092 4984
366 462 504 548 quicque
526 483 585 527 sua
606 460 647 527 de
668 462 807 527 materie
827 461 1036 547 grandescere
1057 463 1172 551 alique.

366 566 430 631 hue
451 565 575 631 aocedit
596 565 646 630 uti
668 566 738 631 sine
760 567 856 633 certis
878 567 1036 635 imbribus
1057 569 1134 634 anni

365 671 520 750 leetifioos
541 680 684 757 nequeat
705 671 793 737 fetus
814 672 1007 737 submittere
1028 673 1126 738 tellus

365 796 426 839 neo
447 796 540 860 porro
562 784 684 839 secrete
704 774 776 839 eibo
797 784 916 840 natura
937 776 1141 841 animantum

365 900 541 965 propagare
563 901 666 964 genus
687 880 789 964 possit
810 881 976 966 vitemque
999 882 1102 961 tueri;
1192 944 1195 959 ,
1259 930 1271 961 χ

366 992 405 1048 ut
426 984 535 1070 potius
556 984 669 1049 multis
691 985 875 1050 eommunia
896 1007 1028 1070 corpore
1048 986 1145 1050 rebus

365 1090 471 1155 multe
491 1099 586 1174 putes
608 1111 685 1165 esse,
707 1098 747 1155 ut
768 1089 875 1154 verbis
896 1089 1059 1154 elementa
1078 1089 1234 1169 ridemus,

366 1214 464 1279 quam
486 1191 556 1256 sine
577 1190 743 1277 principiis
765 1191 867 1255 ullam
889 1213 960 1255 rem
981 1191 1119 1256 existere
1140 1214 1242 1277 posse,

365 1294 506 1379 denique
527 1315 584 1357 eur
605 1293 752 1358 homines
774 1302 883 1357 tentos
904 1300 1022 1357 nature
1043 1316 1154 1379 parere

365 1419 430 1461 non
452 1395 569 1481 potuit,
591 1395 728 1480 pedibus
750 1394 808 1480 qui
829 1402 966 1479 pontum
988 1417 1047 1480 per
1067 1396 1151 1461 reda
1173 1405 1304 1481 possent
1373 1413 1439 1462 200

365 1500 503 1567 transire
525 1509 559 1565 et
580 1521 714 1585 magnos
736 1499 887 1564 manibus
909 1500 1062 1566 divellere
1084 1503 1204 1567 montis

366 1603 534 1688 multaque
556 1601 695 1667 vivendo
717 1601 830 1666 vitalia
851 1602 978 1667 vincere
1000 1603 1111 1680 saecla,

366 1709 394 1773 ei
415 1730 489 1784 non,
511 1705 663 1771 materies
686 1705 763 1792 quia
784 1706 880 1771 rebus
901 1706 1029 1771 reddite
1050 1716 1168 1773 certast

366 1812 538 1899 gignundis
561 1834 579 1877 e
601 1833 666 1897 que
686 1819 813 1876 constat
835 1811 914 1896 quid
934 1812 1035 1897 possit
1057 1812 1154 1877 oriri?

366 1919 413 1983 nil
435 1917 536 2004 igitur
556 1915 627 1981 fieri
648 1915 689 1981 de
711 1915 778 1981 nilo
799 1938 892 2001 posse
914 1915 1121 1994 fatendumst,
1372 1932 1433 1996 205

365 2020 489 2086 semine
510 2018 640 2105 quondo
662 2039 743 2103 opus
765 2027 815 2083 est
836 2018 931 2082 rebus
953 2040 1017 2103 quo
1040 2038 1187 2103 quaeque
1209 2025 1334 2083 creatae

366 2126 448 2190 aeris
470 2125 505 2188 in
526 2132 654 2189 teneres
677 2122 802 2208 possint
823 2121 994 2207 proferrier
1015 2144 1118 2187 eurus.

365 2235 528 2313 postremo
550 2225 704 2311 quoniam
724 2225 856 2309 incultis
878 2233 1041 2309 proestare
1062 2223 1209 2289 videmus

365 2332 454 2396 culte
474 2330 543 2395 loce
564 2339 599 2395 et
620 2330 770 2395 manibus
793 2330 933 2394 melioris
954 2328 1088 2395 reddere
1109 2330 1203 2409 fetus,

365 2458 434 2502 esse
457 2434 606 2500 videlieet
628 2433 662 2499 iu
685 2433 779 2499 terris
800 2433 976 2519 primordie
998 2456 1105 2498 rerum
1372 2450 1438 2500 210

365 2561 449 2625 quae
470 2560 529 2603 nos
550 2537 703 2602 fecundus
725 2546 889 2602 vertentes
911 2560 1039 2603 vomere
1060 2539 1171 2624 glebas

364 2647 527 2733 terraique
549 2645 652 2711 solum
674 2646 862 2731 subigentes
883 2646 987 2710 cimus
1008 2645 1050 2712 ed
1072 2655 1172 2712 ortus.

366 2752 501 2840 quodsi
523 2751 614 2815 nulle
635 2750 749 2828 forent,
771 2758 880 2815 nostro
903 2751 972 2815 sine
994 2772 1142 2836 quaeque
1164 2750 1272 2815 labore

338 2928 341 2933 ,
365 2865 479 2944 sponte
501 2878 560 2921 sue
582 2855 685 2919 multo
706 2855 777 2920 fieri
800 2855 933 2920 meliore
953 2855 1086 2921 videres.

407 2961 484 3025 Hue
504 2958 627 3025 aceedit
648 2956 699 3023 uti
721 2958 860 3043 quisque
881 2957 917 3021 in
939 2980 998 3024 sue
1019 2980 1151 3044 eorpora
1172 2980 1299 3022 rursum
1370 2973 1433 3040 215

363 3063 517 3130 dissoluat
538 3069 657 3129 nutura
677 3082 784 3144 neque
807 3058 849 3125 ed
870 3060 974 3125 nilum
997 3060 1172 3126 interemat
1193 3083 1252 3126 res.

364 3192 441 3235 nem
463 3167 570 3254 siquid
591 3164 728 3230 mortele
749 3186 767 3231 e
788 3165 912 3230 eunctis
934 3164 1081 3250 pertibus
1103 3173 1195 3241 esset,

363 3296 405 3339 ex
426 3271 526 3338 oculis
547 3291 599 3334 res
620 3288 768 3354 queeque
791 3275 924 3352 repente
947 3274 1059 3352 erepte
1080 3265 1208 3352 periret

363 3375 454 3440 nulla
474 3373 507 3438 vi
528 3372 611 3437 foret
633 3391 710 3437 usus
731 3368 821 3433 enim
842 3390 925 3453 quae
946 3368 1094 3453 pertibus
1115 3367 1185 3432 eius
1251 3436 1254 3441 ,
1346 3432 1349 3443 ,

360 3478 535 3546 discidium
556 3497 668 3562 perere
691 3482 726 3539 et
747 3495 850 3539 nexus
873 3472 1035 3538 exsolvere
1056 3480 1175 3558 posset.
1371 3489 1437 3539 220

364 3583 451 3669 quod
472 3603 567 3657 nune,
590 3588 722 3644 aeterno
744 3579 823 3664 quie
843 3587 993 3644 constent
1015 3578 1137 3643 semine
1159 3599 1316 3663 quaeque,

364 3684 464 3749 donee
485 3683 535 3746 vis
556 3681 637 3746 obiit
658 3703 743 3767 quae
765 3702 816 3745 res
838 3679 1021 3746 diverberet
1043 3679 1111 3745 ictu

363 3795 422 3849 aut
443 3784 531 3849 intus
552 3791 702 3868 penetret
723 3804 782 3867 per
803 3783 914 3848 inania
935 3783 1162 3868 dissoluetque,

361 3886 482 3951 nullius
506 3883 642 3949 exitium
664 3885 790 3970 petitur
811 3893 929 3949 natura
950 3884 1061 3949 videri

361 3996 529 4075 praeterea
551 4007 773 4072 quoecumque
797 3993 961 4050 vetustate
983 3993 1112 4050 emovet
1136 3993 1236 4060 aetas,
1369 3999 1433 4066 225

361 4092 389 4157 si
411 4090 541 4177 penitus
563 4087 702 4174 peremit
723 4109 915 4152 consumens
937 4087 1109 4153 materiem
1130 4078 1269 4163 omnem,

273 4304 322 4354 207
336 4301 434 4365 poesim
444 4298 520 4348 Pont.
531 4295 589 4345 Ale,
600 4296 614 4343 l
630 4294 704 4344 runt.
721 4293 762 4344 ior
773 4301 886 4357 possent.-
903 4308 919 4344 e
929 4293 1027 4356 change
1037 4292 1122 4342 which
1132 4291 1185 4341 will
1200 4290 1273 4341 often
1287 4288 1354 4339 bere
1364 4291 1392 4338 to
1402 4288 1437 4340 be

272 4382 362 4434 mede:
380 4396 443 4433 mss.
455 4395 498 4431 ere
509 4393 580 4429 more
591 4379 636 4440 upt
647 4378 732 4440 tepet
740 4384 838 4439 possem
849 4377 889 4425 ior
896 4380 992 4440 possint
1003 4374 1068 4424 tbrm
1079 4373 1134 4423 viee
1144 4388 1227 4423 verse·
1305 4372 1353 4420 215
1365 4373 1436 4433 quic·
