3092 4984
846 295 862 358 I

383 450 584 519 contendunt
607 465 714 537 neque
739 471 833 538 posse
857 470 876 515 e
899 449 994 515 terris
1017 449 1053 514 in
1075 450 1146 516 loce
1169 451 1251 517 caeli

383 556 541 623 reccidere
564 554 716 620 inferiore
737 554 842 641 magis
869 575 968 640 quem
991 576 1123 641 corpore
1147 564 1258 621 nostre

384 667 500 746 sponte
522 681 582 725 sua
606 658 731 744 possint
754 658 791 722 in
813 657 895 724 ceeli
919 658 1045 743 temple
1066 659 1193 742 volere3

383 764 431 829 illi
455 786 529 829 cum
551 761 685 829 videant
708 762 816 840 solem,
841 784 900 828 nos
925 760 1031 828 sidera
1053 763 1157 829 noctis
1352 765 1436 847 1065

384 888 522 943 cernere,
547 874 582 931 et
604 865 738 931 alternis
764 866 933 932 nobiscum
958 874 1106 952 tempore
1130 867 1212 933 caeli

384 970 528 1036 dividere
554 977 588 1035 et
611 979 722 1036 noctes
744 971 858 1057 parilis
885 971 1009 1057 agitare
1034 970 1156 1037 diebus.

384 1083 441 1149 sed
464 1105 567 1149 vanus
590 1081 714 1148 stolidis
737 1083 819 1149 haec

384 1187 525 1273 amplexi
555 1186 642 1272 quod
666 1186 789 1252 hebent
812 1208 893 1272 perv

382 1312 459 1356 nom
482 1289 627 1357 medium
651 1289 699 1354 uil
724 1310 793 1354 esse
817 1297 925 1375 potest
1350 1308 1440 1374 1070

383 1392 518 1457 infinite
542 1413 648 1477 neque
672 1392 812 1468 omnine,
834 1392 861 1457 si
886 1393 950 1458 ism
977 1392 1121 1461 medium
1134 1394 1188 1471 sit,

382 1497 485 1585 possit
510 1497 557 1561 ibi
582 1496 755 1583 quicquam
781 1496 954 1563 consistere

384 1622 483 1687 quam
506 1600 619 1686 quavis
644 1600 710 1665 elia
731 1600 828 1685 longe
850 1601 976 1667 ratione

384 1703 488 1769 omnis
511 1702 599 1767 enim
622 1702 709 1768 locus
738 1725 777 1768 ec
794 1704 937 1790 spatium
960 1705 1047 1791 quod
1072 1705 1168 1772 inane
1189 1727 1334 1772 vocamur

384 1829 443 1894 per
459 1807 604 1874 medium
621 1828 761 1892 pernen
781 1806 929 1873 medium
950 1808 1124 1873 concedere
1145 1808 1233 1875 debet
1348 1826 1411 1892 107
1415 1825 1432 1891 5

384 1933 487 1997 eeque
509 1909 714 1997 ponderibus,
739 1917 847 1975 motus
872 1932 1075 1996 quocumque
1101 1911 1255 1976 feruntur.

384 2038 444 2081 nec
463 2015 634 2102 quisquam
651 2015 739 2080 locus
761 2022 821 2093 est,
841 2035 906 2100 quo
923 2036 1054 2101 corpora
1074 2037 1150 2080 cum
1168 2023 1335 2095 venerunt,

383 2121 533 2207 ponderis
556 2119 674 2185 amisse
697 2118 731 2183 vi
755 2118 880 2205 possint
906 2126 993 2185 stare
1019 2118 1056 2183 in
1082 2119 1192 2201 inuni3

383 2249 444 2292 nec
467 2225 554 2312 quod
578 2226 675 2290 inane
699 2230 811 2289 eutem
837 2232 886 2290 est
909 2224 969 2289 ulli
994 2225 1167 2290 subsistere
1193 2224 1300 2302 debet,

384 2329 473 2415 quin,
497 2350 556 2393 sua
575 2326 662 2413 quod
687 2334 805 2391 nature
827 2327 920 2412 petit,
943 2327 1116 2393 concedere
1140 2337 1261 2414 perget
1350 2331 1438 2395 1080

384 2434 472 2498 haud
496 2433 598 2519 igitur
621 2440 757 2519 possunt
782 2433 842 2498 toli
867 2433 993 2498 ratione
1016 2434 1121 2499 teneri

385 2557 434 2601 res
457 2535 492 2599 in
515 2535 649 2600 concilio
673 2534 773 2599 medii
799 2532 979 2621 cuppedine
1004 2535 1117 2601 victae.

428 2637 600 2703 Praeterea
617 2636 770 2722 quoniam
794 2659 859 2701 non
883 2638 993 2702 omnia
1016 2660 1148 2723 corpora
1173 2638 1302 2723 fingunt

384 2740 420 2805 in
443 2739 588 2806 medium
617 2740 688 2818 niti,
712 2740 769 2806 sed
794 2749 954 2806 terrarum
981 2750 1080 2827 etque
1106 2742 1247 2828 liquoris,

383 2854 417 2913 et
441 2844 535 2932 quasi
559 2851 687 2910 terreno
712 2867 797 2932 quae
820 2868 950 2933 corpore
973 2849 1211 2923 contineantur,
1349 2848 1431 2927 1085

276 3060 357 3112 Lech.
373 3060 463 3112 meires
479 3074 651 3125 unnecessnry
661 3060 781 3125 ohnngee.
881 3062 1056 3114 loos-1075:
1072 3060 1147 3112 these
1163 3063 1180 3111 8
1197 3060 1335 3111 mutileted
1346 3075 1439 3112 verses

275 3156 348 3193 came
359 3140 629 3206 stthebeginningol
639 3157 665 3206 p.
676 3143 708 3193 16
720 3143 748 3193 ot
760 3142 808 3193 the
822 3142 972 3207 archetyp03
990 3142 1042 3193 end
1056 3142 1102 3193 the
1115 3141 1180 3193 ends
1190 3156 1255 3192 were
1265 3141 1439 3194 thereioreet

275 3222 321 3274 the
337 3225 411 3274 outer
427 3223 536 3287 margin
572 3223 595 3274 B
611 3222 663 3273 end
674 3223 746 3273 Gott.
757 3222 823 3273 omit
839 3223 913 3274 them
927 3222 1078 3287 altogether,
1092 3223 1140 3273 but
1155 3221 1257 3285 eppend
1269 3237 1285 3273 e
1299 3236 1371 3273 orces
1382 3223 1440 3275 end

275 3317 334 3353 rur.
367 3303 438 3355 Nico.
455 3303 526 3368 gives
542 3304 616 3355 them
633 3303 767 3368 imperfect
783 3319 812 3356 as
829 3303 858 3354 in
874 3306 905 3355 Δ.
939 3305 996 3356 The
1009 3305 1075 3357 lster
1089 3320 1153 3356 mss.
1165 3304 1224 3355 Ald.
1237 3305 1261 3364 l,
1276 3304 1350 3355 Jnnt.
1366 3306 1439 3357 niter

276 3383 350 3443 Mur„
369 3383 462 3436 Lemb.
482 3385 608 3448 complete
625 3384 698 3437 them
720 3385 749 3437 in
764 3386 868 3437 various
884 3401 960 3451 ways.
994 3387 1008 3436 I
1026 3387 1149 3451 formerly
1165 3386 1300 3450 suggested
1318 3386 1348 3436 in
1368 3388 1438 3440 1068

274 3483 345 3518 error
357 3468 430 3531 satra
444 3470 564 3532 proterit
580 3482 610 3518 or
626 3483 697 3520 error
714 3472 812 3520 roseric
824 3466 918 3536 fluite
947 3470 1011 3522 1080
1030 3486 1149 3534 perterre
1165 3485 1216 3519 rem
1233 3472 1344 3520 ratione:
1368 3470 1438 3522 1070

275 3551 375 3612 prendo
385 3553 471 3600 omnia
481 3559 604 3610 cmutcnt,
614 3565 644 3600 or
654 3550 718 3601 with
728 3551 809 3602 Ireoh.
825 3553 869 3601 ubi
884 3567 979 3601 namma
992 3553 1151 3615 mosundist:
1170 3551 1234 3603 1077
1245 3568 1300 3601 eom
1309 3553 1391 3614 magis
1402 3555 1437 3603 ob

274 3646 338 3680 rem:
357 3632 420 3684 1078
431 3635 528 3695 repelli·
563 3633 626 3684 1078
642 3632 723 3683 Lech.
740 3633 815 3683 reeds
830 3636 884 3683 alio
900 3633 941 3683 ior
954 3636 1018 3692 alin,
1035 3633 1087 3683 end
1104 3647 1227 3695 proposes
1241 3634 1362 3682 mearent
1372 3633 1436 3692 end,

274 3712 327 3762 end
341 3715 415 3763 moue
428 3717 518 3777 putori
528 3714 558 3764 in
569 3715 645 3767 1072:
662 3715 696 3765 he
711 3714 824 3766 declines
834 3718 863 3766 to
874 3716 1002 3779 prophesy
1012 3716 1041 3766 in
1057 3716 1121 3766 1068
1132 3714 1184 3765 end
1196 3716 1269 3766 1000.
1368 3714 1435 3767 1071

275 3797 340 3847 Mer.
358 3795 432 3846 tunt.
448 3799 517 3846 most
533 3797 604 3861 truly
617 3813 696 3860 nepte
713 3801 813 3848 omnino
831 3802 854 3848 ri
872 3802 924 3850 iem
933 3803 1041 3849 sudium
1057 3801 1093 3848 rit
1109 3799 1150 3849 lor
1168 3800 1275 3861 deniqne
1293 3799 1394 3847 monito
1411 3802 1438 3849 ri

274 3880 335 3928 ism.
435 3877 516 3929 1074:
535 3877 581 3929 the
591 3878 643 3929 end
653 3878 676 3930 is
687 3880 807 3942 supplied
823 3881 857 3945 1)]
868 3881 933 3932 Mer.
945 3881 1003 3932 Ald.
1016 3883 1029 3930 1
1042 3881 1094 3931 und
1104 3882 1179 3931 Junt.
1278 3880 1341 3931 1075
1362 3882 1438 3931 debet

274 3959 349 4010 Wslr.
371 3967 466 4024 oportet
476 3960 548 4011 older
558 3975 622 4012 corr.
721 3964 787 4015 1078
803 3980 879 4027 aeque
892 3966 967 4015 lunt.
979 3965 1019 4015 ior
1029 3968 1117 4027 eequis
1128 3963 1213 4013 which
1222 3962 1297 4013 Wek.
1310 3961 1438 4028 sbsurdly

274 4041 391 4092 defends.
490 4044 555 4095 1078
570 4047 599 4094 tn
617 4043 700 4096 edded
721 4046 755 4109 by
774 4048 839 4097 Mer.
860 4048 917 4098 Ale
939 4049 953 4098 1
975 4050 1050 4100 Junt.
1150 4049 1214 4098 1087
1238 4047 1437 4117 comitialiter.

274 4122 349 4173 Junt.
366 4122 407 4172 ior
420 4126 561 4182 corculum,
578 4123 623 4174 the
634 4141 658 4174 m
669 4126 771 4189 coming
787 4129 853 4178 from
865 4132 951 4180 mciii.
984 4133 1238 4181 omilium...eoetae
1252 4127 1332 4177 Lech.
1347 4128 1437 4179 which

275 4220 359 4256 seems
377 4204 431 4255 less
449 4203 567 4266 poeticul.
600 4208 702 4255 vinctu
719 4207 807 4258 Bentl.
908 4212 971 4261 1085
997 4212 1060 4261 lose
1077 4226 1120 4260 ere
1139 4207 1292 4271 transposed
1313 4207 1347 4271 by
1366 4208 1437 4260 ilar.

274 4287 326 4338 end
342 4288 416 4338 Jnnt.
433 4285 551 4336 followed
567 4286 601 4350 by
616 4287 651 4336 ull
667 4287 754 4339 heloro
769 4290 864 4340 Lech:
883 4291 955 4342 there
972 4291 995 4341 is
1011 4291 1137 4354 certainly
1153 4305 1187 4340 en
1204 4288 1389 4340 swkwmdness
1406 4294 1438 4341 et

274 4374 391 4433 present:
408 4369 520 4436 perhsps
530 4385 579 4423 one
589 4370 613 4422 ie
624 4386 640 4423 u
650 4371 808 4435 subsequent
818 4372 936 4424 addition
952 4373 986 4438 1)]
997 4373 1042 4424 the
1052 4374 1129 4436 poet:
1147 4387 1190 4424 see
1201 4370 1281 4423 ebore
1291 4385 1318 4434 p.
1329 4372 1371 4446 87.
