3092 4984
810 289 841 352 V

337 447 440 512 libera
460 454 575 532 sponte
600 468 660 511 sua
676 468 788 513 cursus
805 448 943 514 lustrare
960 451 1111 536 peremis

339 549 497 635 morigera
518 549 558 614 ad
577 550 686 635 fruges
708 550 873 635 augendas
895 559 996 639 atque
1016 552 1202 632 animantis,
1366 557 1409 619 80
1528 551 1529 556 ’

340 675 421 719 neve
442 652 553 737 eliqua
571 653 680 718 divom
702 654 789 719 volvi
812 655 937 721 ratione
957 664 1118 742 putemus.

339 781 415 823 nam
434 758 517 823 bene
537 758 593 844 qui
615 758 754 825 didicere
772 759 848 824 deos
866 782 1016 824 securum
1038 782 1134 846 agere
1155 783 1278 839 aevom,

340 862 367 926 si
388 870 500 927 tamen
519 861 645 927 interea
666 862 828 928 mirantur
849 886 915 949 qua
933 863 1058 929 ratione

341 987 487 1052 quaeque
505 967 574 1052 geri
590 967 722 1052 possint,
742 968 934 1051 praesertim
951 968 1046 1033 rebus
1065 968 1099 1034 in
1119 968 1183 1034 illis

338 1093 421 1156 quae
440 1092 557 1157 supera
572 1079 671 1156 caput
688 1070 840 1135 aetheriis
857 1078 1035 1135 cernuntur
1054 1070 1089 1135 in
1109 1070 1181 1149 oris,
1366 1072 1405 1148 85

341 1195 448 1237 rursus
468 1173 503 1237 in
524 1172 675 1259 antiquas
695 1172 881 1237 referuntur
903 1173 1076 1258 religiones

340 1284 374 1340 et
392 1275 538 1341 dominos
556 1275 637 1341 aeris
657 1275 848 1353 adsoiseunt,
868 1276 978 1340 omnia
998 1297 1091 1362 posse

339 1402 418 1466 quos
438 1380 547 1445 miseri
567 1379 710 1457 credunt,
731 1379 837 1464 ignari
856 1379 934 1465 quid
956 1388 1056 1466 queat
1079 1401 1157 1456 esse,

340 1483 417 1568 quid
437 1490 587 1568 nequeat,
610 1482 704 1546 finita
722 1489 866 1568 potestas
885 1481 1026 1567 denique
1044 1481 1159 1567 cuique

337 1607 478 1674 quanam
496 1584 538 1648 sit
555 1584 680 1648 ratione
699 1592 799 1668 atque
816 1582 882 1647 alte
905 1583 1065 1648 terminus
1085 1583 1229 1648 haerens
1362 1598 1408 1664 90

255 1751 258 1753 ,
336 1687 340 1690 ’
383 1686 477 1767 Quod
495 1695 648 1771 superest,
670 1707 712 1750 ne
731 1693 765 1749 te
787 1685 822 1748 in
840 1685 1002 1769 promissis
1022 1686 1117 1772 plura
1135 1706 1307 1760 moremur,

340 1790 497 1877 principio
519 1790 622 1855 maria
640 1812 678 1854 ao
697 1800 800 1855 terras
821 1790 1012 1876 caelumque
1032 1799 1143 1871 tuere;

341 1917 478 1990 quorum
496 1904 647 1960 naturam
666 1894 835 1980 triplioem,
858 1894 922 1960 tria
939 1916 1078 1980 corpora,
1099 1894 1244 1972 Memmi,

339 2000 399 2063 tris
421 1998 543 2084 species
560 2007 630 2064 tam
651 1997 825 2074 dissimilis,
845 1999 910 2063 tria
929 2000 1010 2065 talia
1026 2009 1126 2080 texta

341 2123 406 2166 una
425 2100 494 2166 dies
516 2100 608 2167 dabit
627 2100 735 2177 exitio,
754 2100 939 2186 multosque
958 2124 1017 2187 per
1036 2125 1137 2168 annos
1362 2116 1403 2185 95

340 2213 522 2270 sustentata
543 2214 617 2269 ruet
636 2204 737 2268 moles
755 2212 790 2269 et
809 2205 959 2270 maehina
978 2207 1100 2272 mundi

339 2329 398 2372 nee
414 2330 467 2372 me
488 2307 589 2371 animi
602 2305 686 2370 fallit
706 2327 805 2391 quam
825 2328 875 2371 res
895 2328 981 2372 nova
1002 2308 1149 2394 miraque
1169 2306 1275 2371 menti

224 2458 228 2467 .
336 2408 461 2472 accidat
480 2408 618 2472 exitium
641 2407 720 2471 eseli
742 2415 913 2493 terraeque
935 2408 1093 2485 futurum,

339 2518 373 2574 et
394 2531 492 2594 quam
516 2509 646 2574 difficile
668 2508 701 2574 id
719 2509 801 2573 mihi
822 2511 865 2574 sit
883 2511 1071 2597 pervincere
1091 2512 1204 2592 dietis3

340 2620 378 2676 ut
395 2613 434 2676 fit
451 2611 508 2677 ubi
526 2612 689 2677 insolitam
709 2633 779 2676 rem
801 2611 950 2697 adportes
969 2614 1101 2678 auribus
1123 2621 1200 2678 ante
1347 2628 1408 2675 100

339 2737 398 2779 nee
417 2721 527 2779 tamen
543 2715 626 2778 hano
643 2714 745 2800 possis
764 2715 930 2779 oculorum
952 2716 1088 2781 subdere
1107 2717 1178 2781 visu

338 2839 398 2882 nec
416 2816 519 2881 iacere
538 2816 616 2881 indu
634 2839 758 2895 manus,
782 2818 836 2882 via
854 2840 920 2903 qua
936 2820 1065 2884 munite.
1084 2818 1161 2883 fidei

338 2920 485 3007 proxima
503 2920 567 2985 fert
583 2919 764 2985 humanum
786 2920 821 2984 in
838 2929 952 3006 pectus
972 2922 1159 3008 templaque
1177 2920 1304 2986 mentis.

338 3023 394 3089 sed
412 3032 523 3088 tamen
543 3023 673 3088 effabor.
696 3022 791 3087 dictis
811 3023 902 3088 dabit
924 3023 995 3108 ipsa
1013 3024 1113 3089 fidem
1130 3047 1181 3089 res

337 3126 470 3192 forsitan
488 3135 522 3192 et
543 3126 684 3212 graviter
705 3136 860 3191 terrarum
880 3126 1023 3191 motibus
1043 3127 1121 3192 ortis
1345 3139 1403 3205 105

337 3231 446 3297 omnia
465 3231 668 3316 conquassari
688 3230 723 3294 in
742 3252 841 3315 parvo
861 3238 1006 3314 tempore
1024 3251 1145 3294 cernes.
1174 3259 1271 3320 s·

336 3335 422 3422 quod
444 3334 555 3421 procul
574 3357 594 3399 a
611 3333 703 3398 nobis
726 3333 837 3398 flectat
855 3332 986 3397 fortuna
1002 3332 1197 3416 gubernans,

336 3450 371 3505 et
390 3439 472 3504 ratio
494 3439 720 3525 potiusquam
740 3458 791 3501 res
810 3434 1005 3522 persuadeat
1025 3434 1096 3521 ipsa

336 3541 497 3607 succidere
519 3542 684 3606 horrisono
706 3561 799 3625 posse
821 3539 931 3604 omnia
952 3538 1039 3602 vieta
1060 3538 1193 3624 fragore.

378 3644 467 3727 [Qua
483 3643 572 3728 prius
593 3642 762 3728 adgrediar
782 3664 881 3727 quarn
902 3640 943 3705 de
965 3663 1000 3706 re
1020 3639 1155 3705 fundere
1178 3639 1248 3703 fata
1339 3653 1401 3727 1¹10

335 3746 476 3810 sanetius
496 3755 531 3811 et
547 3746 651 3810 multo
673 3755 761 3810 certa
783 3744 908 3810 ratione
930 3744 1033 3830 magis
1054 3765 1154 3829 quam

224 3904 231 3932 ,
334 3848 454 3933 Pythia
475 3870 559 3934 quae
582 3848 708 3934 tripode
727 3870 747 3912 a
767 3848 891 3913 Phoebi
912 3848 1068 3933 lauroque
1090 3847 1244 3933 profatur,

334 3949 439 4014 mults
459 3950 522 4014 tibi
543 3951 713 4036 expediam
733 3950 835 4016 doctis
857 3950 974 4015 solacia
993 3950 1108 4031 diotis;

334 4051 488 4137 religione
510 4051 689 4118 refrenatus
711 4073 753 4116 ne
776 4051 859 4115 forte
880 4051 979 4115 rearis

331 4159 433 4215 terras
455 4158 490 4215 et
511 4149 612 4215 solem
634 4160 668 4215 et
688 4150 823 4226 eaelum,
847 4170 935 4214 mare
952 4148 1058 4215 sidera
1081 4150 1204 4227 lunam,
1344 4162 1400 4229 115

250 4332 340 4391 Quove.
375 4331 475 4394 Quoqru
492 4327 602 4388 Nonius,
618 4331 777 4391 eontraryto
792 4327 838 4378 the
852 4327 938 4378 useel
952 4327 1028 4377 Luor.
1128 4327 1176 4376 114
1191 4325 1404 4392 RelipioneNiee.
