3092 4984
708 328 757 393 IV
891 342 900 353 ¹
1251 342 1310 416 171

241 483 401 571 quantula
420 487 518 549 sunt!
540 482 620 571 quid
642 493 812 570 praeterea
833 485 1009 573 primordia
1031 474 1180 575 quaeque
1253 509 1314 559 120

241 590 329 655 unde
350 590 462 655 anima
482 596 582 675 atque
603 589 707 654 animi
728 598 856 655 constet
878 599 998 656 natura
1018 599 1240 660 neoessumstt
1292 652 1295 659 ,

240 717 348 760 nonne
372 695 462 760 vides
481 716 580 779 quam
602 694 668 760 sint
689 694 823 760 subtilia
844 717 1008 782 quamque
1032 696 1181 764 minutal

241 806 409 884 praeterea
430 819 655 883 quaecumque
678 819 737 862 suo
759 797 801 862 de
823 819 954 883 corpore
977 799 1109 866 odorem

241 901 392 987 expirant
413 922 528 977 aerem,
550 922 689 986 panaces
711 900 877 965 absinthia
898 908 1005 965 taetra

240 1004 475 1091 habrotonique
497 1026 611 1090 graves
632 1013 667 1070 et
690 1004 798 1070 tristia
819 1014 1003 1083 centaurea,

242 1131 377 1196 quorum
400 1132 503 1174 unum
526 1107 655 1196 quidvis
676 1109 793 1175 leviter
814 1109 841 1175 si
864 1109 947 1175 forte
970 1110 1094 1175 duobus

695 1230 718 1272 1

241 1316 321 1403 quin
342 1317 450 1403 potius
473 1339 584 1383 noscas
607 1339 715 1383 rerum
739 1315 911 1383 simulacra
931 1317 1041 1403 vagari

241 1419 349 1484 multa
369 1420 475 1487 modis
497 1421 610 1486 multis
632 1421 723 1486 nulla
745 1420 779 1485 vi
801 1443 953 1507 cassaque
975 1425 1094 1486 sensu?

284 1524 365 1610 [Sed
386 1548 428 1591 ne
450 1525 534 1591 forte
555 1534 652 1612 putes
673 1548 713 1591 ea
734 1526 868 1591 demum
891 1527 959 1591 sola
978 1525 1098 1611 vagari,

241 1648 464 1715 quaecumque
486 1629 528 1694 ab
550 1629 647 1694 rebus
668 1652 778 1695 rerum
800 1630 972 1695 simulacra
992 1630 1157 1709 recedunt,

241 1739 318 1796 sunt
340 1731 440 1796 etiam
463 1753 546 1817 quae
569 1742 685 1818 sponte
708 1755 767 1798 sua
788 1734 967 1819 gignuntur
989 1742 1023 1799 et
1045 1734 1116 1819 ipsa

240 1836 483 1901 constituuntur
504 1837 539 1901 in
561 1838 622 1902 hoc
644 1839 732 1903 caelo
755 1839 812 1924 qui
835 1839 954 1903 dicitur
975 1860 1038 1915 aer,

155 1953 214 2023 135
240 1962 322 2027 quae
344 1942 457 2006 multis
479 1942 618 2008 formata
639 1943 743 2008 modis
766 1943 905 2007 sublime
928 1943 1079 2009 feruntur

155 2062 214 2125 141
239 2066 298 2108 neo
321 2045 460 2130 speciem
482 2055 609 2110 mutare
631 2068 724 2110 suam
747 2045 908 2131 liquentia
929 2053 1056 2110 cessant

239 2157 273 2214 et
294 2149 448 2235 cuiusque
470 2149 558 2215 modi
581 2150 756 2215 formarum
778 2158 905 2215 vertere
927 2149 963 2213 in
985 2171 1075 2230 oras3

155 2269 215 2335 133
239 2262 277 2318 ut
298 2254 401 2319 nubes
422 2254 516 2319 facile
538 2255 704 2320 interdum
727 2277 928 2320 concrescere
951 2254 986 2318 in
1008 2254 1075 2319 alto

239 2358 400 2424 cernimus
421 2368 456 2424 et
478 2360 593 2425 mundi
615 2360 756 2446 speciem
778 2360 897 2425 violare
920 2382 1066 2425 serenam

156 2461 218 2543 136
239 2482 315 2526 aera
335 2463 515 2528 mulcentes
537 2470 636 2527 motu
660 2485 737 2527 nam
760 2484 857 2549 saepe
878 2462 1056 2547 Gigantum

239 2590 294 2632 ora
315 2567 422 2632 volare
443 2567 597 2632 videntur
619 2577 654 2633 et
674 2568 826 2633 umbram
848 2567 965 2632 ducere
986 2567 1062 2645 late,

239 2671 403 2738 interdum
424 2673 535 2758 magni
558 2681 686 2737 montes
708 2673 881 2759 avolsaque
904 2694 982 2737 saxa

238 2776 404 2841 montibus
425 2776 550 2842 anteire
574 2785 607 2842 et
630 2778 730 2843 solem
752 2778 923 2843 succedere
945 2785 1082 2864 praeter,

155 2898 218 2963 140
238 2880 314 2946 iude
336 2882 416 2948 alios
437 2882 566 2947 trahere
588 2891 687 2969 atque
710 2883 863 2948 inducere
885 2883 983 2948 belua
1004 2882 1153 2967 nimbos]

154 2999 214 3065 143
281 2983 379 3048 Nunc
400 3006 439 3048 ea
461 3006 560 3069 quam
582 2985 669 3049 facili
691 2994 727 3050 et
749 2985 845 3050 celeri
868 2985 994 3050 rat-ione
1015 2992 1179 3069 genantur

236 3095 458 3174 perpetuoque
481 3089 586 3154 fluant
607 3090 649 3153 ab
671 3089 767 3154 rebus
790 3090 945 3174 lapsaque
967 3087 1084 3152 cedant

238 3314 365 3379 semper
387 3294 475 3359 enim
497 3317 661 3360 summum
684 3295 838 3381 quicquid
861 3294 1019 3359 derebus
1042 3292 1187 3356 abundat
1249 3305 1306 3373 145

237 3397 324 3483 quod
346 3399 534 3466 iaculentur.
558 3408 592 3465 et
615 3401 675 3466 hoo
697 3401 777 3466 alias
800 3422 874 3464 cum
896 3399 1046 3483 pervenit
1068 3397 1103 3460 in
1125 3419 1184 3475 res,

236 3504 361 3583 transit,
385 3505 479 3570 utin
501 3505 615 3590 primis
637 3506 766 3570 vitrum.
790 3505 847 3569 sed
868 3503 926 3567 ubi
948 3502 1061 3588 aspera
1082 3523 1160 3566 saxa

147 3656 287 3707 1111101111
298 3658 325 3708 ol
335 3657 434 3707 Probus
444 3660 472 3708 to
483 3658 529 3709 ecl.
542 3673 568 3708 11
580 3659 664 3709 alara
675 3657 836 3719 ambiguous.
936 3656 1073 3713 las-142,
1086 3654 1215 3717 straugsly
1225 3654 1308 3702 traus-

147 3738 229 3800 posed
239 3738 268 3788 in
279 3739 324 3789 the
335 3754 399 3789 mss.
411 3755 440 3790 11
451 3755 512 3803 may
523 3740 555 3790 bo
566 3756 627 3790 seen
638 3741 672 3803 by
682 3755 730 3789 our
741 3737 871 3797 left-hand
882 3737 1044 3799 numbering,
1055 3752 1120 3787 were
1132 3737 1188 3785 first
1200 3735 1309 3797 brought

147 3819 205 3870 into
216 3819 291 3870 order
300 3822 334 3885 by
344 3820 390 3872 the
401 3824 536 3873 aouteuess
547 3823 574 3872 ol
589 3822 696 3872 hamb:
714 3836 757 3872 see
768 3822 848 3871 above
859 3836 885 3883 p.
897 3822 928 3870 32
940 3821 980 3869 101
990 3835 1006 3870 a
1016 3819 1129 3882 possible
1144 3817 1309 3881 explanation

147 3902 176 3951 ot
191 3901 245 3951 this
257 3901 380 3953 disorder.
480 3905 528 3954 les
543 3913 697 3954 1111111111.
731 3912 822 3953 motum
834 3907 861 3953 in
872 3902 942 3952 Nico.
955 3902 1000 3952 the
1012 3916 1089 3952 cause
1100 3901 1127 3950 ol
1138 3903 1208 3963 11111
1219 3900 1315 3949 contu·

148 3982 207 4033 sion
226 3984 255 4033 in
273 3984 340 4034 later
357 3998 421 4034 mss.
438 3984 559 4035 11111111.
576 3985 663 4035 belore
681 3984 746 4033 1111.
763 3985 837 4033 Juut.
857 3982 909 4032 and
928 3981 1021 4032 hamb.
1121 3982 1309 4044 1419111111

147 4063 242 4114 hamb.
259 4064 300 4113 tor
312 4073 447 4126 ueremur:
464 4080 481 4115 1
496 4080 634 4129 necessary
648 4064 747 4127 change
759 4064 830 4124 here,
850 4063 949 4126 though
964 4063 999 4112 he
1015 4062 1087 4112 often
1103 4061 1251 4112 introduces
1262 4061 1308 4111 the

148 4143 218 4194 word
235 4143 345 4195 without
363 4159 449 4197 cause.
548 4147 622 4196 Alter
643 4147 691 4195 144
711 4160 727 4196 1
746 4144 887 4196 versabas
906 4143 1058 4207 manilestly
1074 4143 1139 4192 been
1155 4142 1220 4191 lost:
1243 4141 1265 4190 it
1283 4140 1308 4191 is

146 4227 251 4276 ourious
262 4226 321 4277 that
332 4228 459 4279 Marullus
476 4228 529 4279 sud
545 4229 638 4280 hamb.
650 4228 745 4279 should
759 4229 827 4279 have
838 4227 989 4279 overlooked
1005 4226 1069 4276 this.
1104 4225 1192 4275 ‘deest
1202 4226 1308 4286 Perctpc

147 4306 191 4358 vel
200 4307 351 4370 aspectam,
362 4310 421 4359 tum
431 4310 543 4372 paucula
554 4325 570 4360 a
581 4310 674 4373 quibus
686 4310 752 4361 illud
763 4314 829 4360 enim
840 4309 909 4373 quod
920 4308 1046 4359 subicitur
1057 4305 1181 4369 pendeat'
1194 4303 1273 4353 Lech.

183 4388 295 4443 111111
306 4391 354 4443 152
370 4394 465 4444 citrum
476 4392 651 4457 Oppenrieder
662 4393 702 4444 lor
712 4400 815 4444 vesum:
833 4406 995 4455 aneoessary
1005 4388 1151 4442 0011101101·
1157 4383 1240 4436 which
1249 4382 1273 4432 it
1284 4381 1308 4433 is
