3092 4984
806 306 855 373 v1

340 465 503 552 intellegit
524 465 571 531 ibi
592 464 710 530 vitium
735 486 791 529 vas
815 463 938 530 efficere
962 461 1070 548 lpsum

341 569 515 655 omniaque
538 568 625 633 illius
648 568 729 633 vitio
753 566 950 652 corrumpier
972 566 1062 630 intus

341 694 425 758 quac
447 672 577 736 conlato
599 670 676 735 foris
700 679 734 735 et
758 666 928 735 commoda
950 689 1091 753 cumque
1114 665 1277 744 venirent3

340 775 461 861 partim
483 775 569 861 quod
592 775 719 839 fluxum
741 781 976 860 pertusumque
1000 794 1070 838 esse
1092 771 1231 849 videbat,

342 885 378 943 ut
403 877 494 943 nulla
516 886 624 963 posset
646 877 772 942 ratione
795 877 953 963 explerier
973 897 1145 962 umquam3

341 982 462 1068 purtim
486 980 572 1068 quod
595 992 700 1047 taetro
723 983 816 1069 quasi
840 1003 1048 1067 conspurcare
1068 1001 1181 1066 sapore

342 1086 452 1150 omnia
473 1086 634 1163 cernebat,
658 1108 883 1173 quoecumque
906 1094 1079 1171 receperat,
1103 1085 1200 1150 intua

342 1189 488 1253 veridicis
510 1188 610 1274 igitur
632 1190 938 1276 purgavitpectora
960 1189 1056 1260 dictis
1102 1253 1104 1256 .

343 1299 377 1356 et
400 1291 499 1356 finem
522 1292 640 1358 statuit
663 1293 855 1379 cuppedinis
878 1302 977 1379 etque
999 1291 1125 1358 timoris

343 1395 556 1481 exposuitque
578 1396 702 1461 bonnm
723 1418 890 1461 summum
912 1418 976 1481 quo
1001 1395 1166 1461 tendimns
1189 1416 1301 1458 omnes

344 1497 536 1582 quidforet,
560 1508 660 1585 atquo
683 1500 770 1564 viem
793 1500 993 1578 monstravit,
1015 1500 1147 1565 tremite
1170 1521 1269 1585 parvo

344 1623 410 1686 qua
432 1625 599 1688 possemus
621 1603 662 1668 nd
685 1603 719 1668 id
743 1613 832 1669 recto
856 1604 1049 1670 contendere
1070 1626 1174 1681 cursu,

344 1705 463 1790 quidve
487 1707 565 1771 muli
589 1707 673 1773 foret
696 1707 730 1771 in
753 1708 851 1773 rebus
873 1708 1055 1773 mortalibu’
1078 1707 1207 1794 passim,

345 1809 431 1895 quod
453 1810 546 1877 fieret
569 1812 710 1876 naturali
733 1812 888 1897 varieque
911 1811 1034 1877 volaret

345 1935 402 1978 seu
426 1937 502 1979 casu
525 1937 583 1980 seu
606 1915 647 1992 vi,
665 1914 752 2001 quod
777 1915 823 1980 sic
844 1923 963 1980 nature
985 1921 1137 1999 parasset,

345 2024 380 2082 et
404 2016 521 2101 quibus
545 2040 563 2082 e
585 2018 686 2103 portis
710 2017 834 2083 occurri
856 2017 974 2104 cuique
996 2016 1131 2092 deceret.

343 2127 377 2184 et
400 2143 502 2205 genus
526 2121 707 2186 humanum
730 2122 851 2186 frustra
872 2120 1065 2207 plerumque
1088 2118 1238 2205 probavit

265 2263 268 2268 ι
345 2222 473 2288 volvere
496 2246 644 2288 curarum
667 2224 770 2290 tristis
792 2224 827 2289 in
849 2231 979 2316 pectore
1003 2223 1127 2288 fluctus.

344 2347 421 2390 nam
445 2327 547 2392 veluti
567 2328 661 2414 pueri
685 2328 850 2415 trepidant
873 2337 973 2413 atque
995 2328 1104 2393 omnia
1125 2326 1227 2392 caecis

346 2428 381 2493 in
405 2431 547 2496 tenebris
569 2440 732 2511 metuunt,
750 2432 796 2497 sic
818 2454 877 2497 nos
899 2432 934 2496 in
957 2432 1029 2498 luce
1054 2431 1208 2496 timemus

346 2531 519 2609 interdum,
543 2533 610 2598 nilo
632 2543 815 2620 quaesunt
839 2534 1018 2600 metuenda
1042 2533 1145 2619 magis
1169 2556 1269 2619 quam

345 2657 429 2720 quae
452 2637 545 2722 pueri
568 2637 603 2702 in
627 2638 771 2704 tenebris
794 2638 944 2724 pavitant
966 2638 1159 2725 finguntque
1182 2638 1301 2703 future

347 2738 434 2804 hunc
455 2741 556 2825 igitur
578 2751 733 2808 terrorem
756 2743 859 2808 animi
883 2744 1100 2829 tenebrasque
1123 2753 1283 2809 necessest

347 2861 413 2903 non
434 2842 517 2906 radii
539 2845 615 2909 solis
638 2869 698 2911 nec
720 2846 829 2914 lucida
852 2847 919 2913 tela
942 2847 1008 2912 diei
1375 2864 1421 2928 40

347 2941 531 3020 discutiant,
550 2946 608 3010 sed
628 2957 766 3013 naturae
790 2949 912 3034 species
935 2949 1092 3036 ratioque.

347 3067 412 3133 quo
434 3048 537 3135 megia
558 3050 725 3138 inceptum
747 3075 881 3139 pergam
904 3063 1074 3140 pertexere
1097 3054 1200 3121 dictis

261 3222 409 3285 corruption
427 3221 524 3275 incur
540 3241 604 3276 mss.
645 3227 891 3281 Mandronem
910 3232 984 3282 runt.
1002 3235 1106 3297 corrupt
1124 3234 1169 3285 the
1188 3249 1295 3297 passage
1314 3235 1421 3298 greatly.

260 3301 352 3354 hamb.
364 3304 481 3356 lolloved
495 3306 529 3371 by
540 3307 593 3357 cit.
605 3308 709 3368 Creech.
722 3313 770 3360 etc.
783 3313 912 3362 contracte
927 3313 974 3363 the
990 3316 1041 3364 two
1051 3330 1138 3365 verses
1155 3315 1212 3365 into
1227 3330 1286 3374 one,
1298 3315 1361 3365 thna
1375 3319 1421 3364 Ar-

263 3467 373 3517 Ocnrcm
383 3484 447 3531 quoe
458 3470 553 3521 Arane.
566 3472 675 3536 Nauger.
688 3473 728 3523 lor
738 3475 823 3524 Panse
834 3482 917 3538 atque.
1016 3478 1048 3529 17
1063 3493 1109 3527 vno
1120 3478 1188 3527 Mero
1197 3477 1254 3527 Ald.
1264 3479 1278 3526 1
1294 3479 1369 3527 June.
1381 3478 1422 3526 for

256 3548 311 3609 sos.
410 3551 441 3599 25
458 3556 604 3614 cuppedinis
621 3554 644 3603 A
663 3554 767 3618 rightly,
783 3570 812 3604 es
830 3556 904 3615 Μῦς
921 3555 973 3606 ond
988 3571 1017 3606 eo
1034 3557 1160 3607 Marullus
1179 3557 1209 3607 in
1226 3573 1306 3621 marg.
1321 3559 1349 3608 ol
1365 3558 1422 3608 cod

261 3626 357 3676 Victor.
378 3632 496 3693 properly
515 3639 638 3684 correcta:
656 3636 810 3686 Lactantius
829 3637 892 3687 inst.
909 3653 948 3689 vrr
965 3640 997 3691 27
1016 3638 1065 3689 has
1085 3642 1230 3703 torpedinis.
1250 3639 1318 3689 from
1336 3638 1422 3688 whom

263 3706 327 3755 Mar.
340 3708 411 3770 prob.
423 3713 466 3770 got
477 3711 519 3761 hia
531 3715 588 3762 first
598 3716 690 3765 notion
705 3720 857 3769 mentioned
872 3720 905 3784 by
917 3720 1052 3770 Gitonius:
1070 3736 1113 3771 aee
1128 3736 1155 3770 n.
1167 3723 1195 3770 to
1206 3735 1241 3770 111
1252 3721 1314 3772 994:
1332 3720 1422 3770 unless

262 3784 296 3835 he
311 3787 400 3836 rather
411 3789 485 3839 when
499 3808 586 3856 young
596 3795 699 3847 derived
710 3800 732 3848 it
746 3800 814 3850 trem
824 3801 867 3851 his
884 3805 981 3853 moster
991 3804 1125 3853 Pontunus
1136 3802 1193 3852 who
1204 3803 1336 3866 expressly
1346 3805 1423 3852 notes

264 3871 415 3931 ‘torpedinis
426 3874 466 3920 ert
477 3874 546 3935 apud
556 3875 748 3930 Lactantium¹.
848 3885 880 3934 27
897 3886 997 3933 tremite
1005 3899 1094 3946 paroc.
1129 3886 1317 3948 tromiteprono
1328 3884 1421 3934 humb.

263 3949 342 4000 limite
355 3965 436 4013 prono
453 3953 527 4004 tunt.
539 3959 692 4021 apparently
708 3960 775 4011 atter
788 3961 941 4014 Lactantius
956 3964 1018 4014 inst.
1030 3980 1069 4014 vn
1080 3967 1121 4017 27.
1154 3963 1235 4014 Lech.
1247 3964 1343 4028 rightly
1352 3964 1423 4028 joina

263 4034 362 4081 comite
377 4048 459 4095 parvo
479 4035 543 4086 with
560 4037 628 4087 whnt
647 4039 755 4091 lollovs.
859 4045 892 4094 28
907 4053 974 4096 recto
991 4045 1014 4094 Δ
1031 4060 1095 4095 corr·
1112 4045 1184 4095 Nioc.
1204 4044 1314 4096 Proasl
1331 4045 1422 4095 (lomb.

262 4112 333 4164 Mon.
344 4115 464 4168 Lactant.
475 4119 602 4170 forrecto.
700 4125 733 4173 30
743 4125 819 4188 fieret
834 4125 887 4175 Iac.
904 4125 998 4176 Sucina
1014 4126 1044 4176 in
1058 4128 1172 4186 Temen,
1184 4126 1265 4177 Lech.
1277 4128 1318 4176 lor
1329 4127 1421 4191 fuerit.

255 4200 347 4262 flueret
366 4198 431 4248 Mer.
452 4200 532 4251 Aldl
551 4203 626 4252 runt.
638 4203 708 4266 vulg.
766 4208 890 4256 naturali.
931 4216 1040 4258 naturae
1057 4211 1085 4259 oi
1103 4208 1197 4258 Lomb.
1231 4210 1346 4258 noturuli
1366 4210 1422 4259 circ

261 4288 336 4343 atque
347 4280 412 4329 Mar.
423 4281 504 4332 Aldl
516 4283 590 4335 runt.
689 4287 720 4336 ³1
738 4302 807 4337 casu.
841 4304 918 4339 cama
933 4289 1016 4340 Lech.
1114 4293 1146 4344 32
1163 4293 1200 4341 m
1210 4293 1300 4356 quibu
1310 4290 1380 4340 Flor.
1388 4292 1420 4340 81

262 4364 350 4416 Gamb.
362 4363 438 4416 Pont.
451 4365 516 4417 Mar.
528 4366 568 4418 lor
579 4369 603 4417 Ε
615 4370 713 4431 quitto.
818 4371 851 4420 tl
870 4371 973 4421 Volnera
983 4370 1043 4423 Ver.
1055 4372 1119 4424 Vera
1135 4372 1200 4423 Mar.
1212 4373 1253 4423 lor
1266 4374 1378 4424 Volnera.
