3092 4984
696 253 712 316 1

201 425 284 488 quae
306 403 415 469 veluti
437 403 585 470 validum
606 428 682 472 cum
702 409 826 476 flumen
848 414 1047 498 procubuere

201 505 385 589 quamlibet
405 506 443 570 in
464 516 602 591 partem,
625 510 764 578 trudunt
786 536 838 579 res
859 526 937 582 ente
958 529 1124 605 ruuntque

201 609 380 696 impetibus
401 612 532 690 crebris,
554 614 721 681 interdurn
741 620 862 685 vertice
884 631 970 687 torto

203 715 384 800 surripiunt
406 715 586 802 rapideque
608 721 729 785 rotanti
750 723 883 789 turbine
904 734 1044 811 portant

203 841 301 904 quare
324 822 428 885 etiam
449 830 550 906 atque
572 824 672 887 etiam
694 835 771 890 sunt
792 829 884 893 venti
906 851 1038 916 corpora
1058 854 1161 909 eaeea,
1219 850 1279 918 295

203 925 469 1010 quandoquidem
491 927 585 992 fastis
608 939 643 994 et
663 930 808 996 moribus
830 934 959 999 aemula
979 937 1105 1021 magnis

202 1029 354 1093 amnibus
376 1030 598 1108 inveniuntur,
622 1043 734 1117 aperto
756 1056 886 1121 corpore
909 1040 966 1123 qui
988 1051 1072 1107 nint

201 1136 273 1193 tum
294 1152 392 1215 porro
413 1132 520 1196 varios
541 1154 650 1197 rerum
671 1136 831 1202 sentimus
853 1139 965 1206 odores

201 1254 260 1297 nec
282 1244 399 1299 tamen
419 1235 463 1299 ad
483 1235 573 1300 naris
594 1237 755 1304 venientis
777 1243 939 1309 uemimus
960 1267 1125 1331 umquam,

200 1356 260 1399 nec
281 1336 404 1401 calidos
426 1346 536 1403 aestus
557 1339 682 1404 tuimur
702 1363 763 1407 nee
785 1343 904 1429 bigote
924 1348 1054 1432 quimus
1216 1367 1280 1432 300

201 1462 357 1526 usurpare
380 1442 483 1507 oculis
504 1465 567 1508 nee
587 1466 680 1509 voees
701 1467 832 1512 eernere
853 1470 1003 1530 suemus;

202 1566 284 1629 qnae
306 1554 421 1610 tamen
443 1547 555 1611 omnia
575 1569 726 1633 corporea
746 1562 892 1618 onustare
913 1565 1073 1622 necessest

201 1657 326 1726 natura,
350 1651 508 1735 quoniam
530 1673 643 1717 sensus
665 1652 820 1739 inpellere
841 1668 983 1742 possunt

202 1760 334 1839 tangere
356 1755 448 1820 enim
468 1763 503 1820 et
525 1757 625 1841 tangi,
649 1758 712 1821 nisi
733 1780 856 1844 corpus,
878 1762 972 1827 nulle
991 1772 1100 1849 potest
1121 1787 1180 1830 res.

202 1857 341 1945 denique
363 1859 548 1945 fluctifrago
568 1883 742 1947 suspensae
764 1862 801 1926 in
823 1863 919 1928 litere
941 1875 1047 1930 vestes
1214 1882 1274 1949 305

201 1974 368 2043 uveseunt,
391 1964 526 2029 eaedem
547 1964 718 2051 dispansae
740 1967 776 2030 in
798 1967 866 2032 sole
888 1979 1061 2035 serescunt

202 2072 237 2128 at
256 2087 366 2151 neque
388 2088 454 2151 quo
475 2076 572 2152 paeto
593 2068 773 2153 persederit
796 2091 891 2133 umor
911 2071 1008 2155 aquai

201 2167 337 2233 visumst
358 2190 421 2234 nec
441 2191 571 2233 rursum
593 2192 659 2255 quo
679 2180 777 2256 paeto
799 2172 921 2257 fugerit
943 2182 1045 2239 aestu

201 2270 235 2334 in
256 2293 374 2356 parvas
394 2271 497 2357 igitur
516 2273 619 2357 pertis
642 2273 839 2360 dispergitur
862 2298 955 2341 umor

200 2399 279 2461 ques
302 2377 389 2442 oculi
411 2377 503 2442 nulla
525 2386 662 2463 possunt
684 2379 811 2452 ratione
832 2381 950 2447 videre
1210 2401 1276 2467 310

199 2479 404 2564 quinetiam
426 2480 540 2569 multis
562 2481 638 2545 solis
659 2481 870 2548 redeuntibus
892 2486 984 2551 annis

200 2582 316 2646 anulus
338 2583 374 2646 in
398 2582 501 2668 digitu
525 2583 638 2648 subter
660 2591 818 2649 tenuatur
840 2586 996 2673 babendo,

199 2687 330 2779 stupidi
353 2710 446 2753 casus
467 2688 611 2773 lapidem
632 2686 733 2768 meat,
757 2713 860 2756 uncus
880 2693 979 2757 aratri

200 2789 320 2855 ferreus
345 2791 469 2855 oeculte
493 2790 649 2856 decrescit
671 2814 783 2857 vomer
805 2794 840 2857 in
863 2796 956 2871 arvis,

199 2902 365 2978 strataque
389 2893 456 2957 iam
479 2893 566 2979 volgi
589 2893 725 2979 pedibus
749 2895 871 2960 detrita
895 2896 1022 2961 viarum
1208 2914 1269 2981 315

199 3018 296 3061 saxea
318 2996 553 3081 conspicimus3
576 3005 650 3060 tum
672 3006 782 3082 portas
805 3007 938 3083 propter
961 3022 1043 3064 aene

198 3098 292 3184 signa
315 3120 432 3162 munus
455 3097 586 3163 dextras
610 3100 786 3165 ostendunt
809 3100 979 3164 adtenuari

198 3224 294 3287 saepe
319 3199 523 3265 ssdutantum
544 3210 638 3266 tactu
658 3211 853 3288 praeterque
877 3210 1059 3266 meantum.

196 3305 282 3370 haee
300 3304 404 3390 igitur
424 3304 539 3381 minui,
565 3327 640 3369 cum
662 3306 729 3370 sint
751 3305 881 3382 detrita,
902 3304 1057 3368 videmus

199 3407 255 3471 sed
277 3429 361 3492 quae
385 3428 518 3492 corpora
537 3407 695 3473 decedant
716 3408 753 3472 in
776 3417 921 3494 tempore
945 3429 1083 3492 quoqne,
1208 3425 1272 3489 320

198 3509 310 3574 invida
330 3508 505 3594 praeclusit
528 3510 668 3595 speeiem
690 3519 809 3575 natura
830 3509 972 3576 videndi.

197 3624 360 3699 postremo
382 3635 607 3699 quaecumque
628 3613 696 3679 dies
717 3624 899 3701 naturaque
913 3616 1010 3681 rebus

115 3826 549 3893 urendelendqaaquuffl.
650 3827 1266 3893 Mraptahnurorraptawhienwss

54 3958 60 3979 ,
114 3907 348 3972 nbsmdlyretains.
381 3908 1266 3973 rapidoqueromtialumb.eu1anda‚mptuoqumtanueue

143 3990 1266 4043 mawesffimuebutaums.md8eneoerutultuoninshma.

144 4075 203 4123 ³13:
221 4073 314 4123 Isidor.
331 4072 790 4137 Orig.xx141‘Vomer...deqno
807 4072 943 4123 Lueretius
963 4074 1046 4123 Uncus
1063 4076 1147 4123 aratri
1162 4075 1268 4123 Ferreus

113 4154 1267 4219 mumtminurvasmtquopuuetrimenu‘tugorem·pot·nue

111 4240 196 4301 ω’).
228 4234 1268 4292 Itiaoddittholntsorusaronidore'sosn:uenmuuukindlou,

113 4319 744 4386 saimaipenuapeoeaem'maaiumr
841 4315 1267 4381 dsslspsciaem.upattuuelsaeh.:
