3092 4984
687 330 717 392 V
1219 349 1280 411 223

212 507 271 551 nec
294 493 407 551 tamen
430 494 481 551 est
504 493 543 550 ut
564 486 670 560 inane,
695 506 802 569 neque
824 492 935 549 autem
956 506 1088 570 corpora
1108 484 1234 564 desunt,

212 613 253 655 ex
275 589 405 656 infinito
428 611 513 675 quae
535 589 661 674 possint
682 587 765 652 forte
787 597 896 653 coorta

164 737 166 740 ψ
213 714 360 756 corruere
382 692 468 756 hanc
489 713 598 755 rerum
621 690 763 754 violento
786 689 917 755 turbine
939 712 1101 755 summam

210 804 269 860 aut
291 796 390 860 aliam
412 795 561 880 quamvis
583 793 708 859 cladem
730 794 894 878 inportare
916 794 1035 879 pericli,

210 921 270 963 nec
292 920 386 984 porro
407 907 526 962 natura
546 898 607 963 loci
630 898 837 983 spatiumque
859 897 1011 983 profundi
1219 916 1284 982 370

212 1001 331 1078 deficit,
354 999 501 1085 exspargi
523 1020 588 1084 quo
609 999 734 1084 possint
754 999 884 1063 moenia
906 1000 1029 1078 mundi,

212 1113 271 1169 aut
293 1104 358 1168 alia
378 1103 492 1189 quavis
516 1110 652 1188 possunt
677 1102 710 1166 vi
733 1103 830 1187 pulsa
852 1103 965 1188 perire.

211 1207 294 1271 haut
317 1206 418 1292 igitur
442 1206 501 1271 leti
524 1205 692 1290 praeclusa
716 1215 766 1270 est
790 1205 890 1271 ianua
914 1207 1002 1272 caelo

211 1333 271 1375 uec
293 1310 352 1376 soli
375 1319 544 1395 terraeque
567 1332 674 1395 neque
697 1310 773 1374 altis
796 1310 944 1395 aequoris
968 1312 1071 1391 undis,

213 1413 271 1479 sed
293 1422 386 1499 patet
407 1412 544 1476 immani
568 1420 603 1477 et
626 1419 718 1476 vasto
741 1419 903 1496 respectat
928 1411 1030 1479 hiatu.
1220 1431 1237 1493 3
1242 1430 1260 1494 7
1265 1429 1280 1493 5

215 1537 316 1602 quare
338 1515 440 1580 etiam
462 1514 574 1578 nativa
596 1521 797 1578 necessumst
823 1513 996 1579 confiteare

215 1620 296 1684 haec
314 1619 448 1699 eadem;
470 1617 688 1703 nequeenim
704 1616 835 1681 mortali
852 1638 982 1702 corpore
997 1640 1080 1703 quae
1095 1627 1173 1684 sunt

213 1744 255 1787 ex
277 1720 406 1786 infinito
425 1721 491 1784 iam
510 1728 657 1804 tempore
679 1718 786 1784 adhuc
808 1716 990 1804 potuissent

200 1825 356 1890 'inmensi
378 1824 501 1889 validas
520 1823 592 1888 aevi
616 1832 823 1888 contemnere
847 1823 939 1888 vires.

257 1927 407 2013 Denique
421 1936 591 2013 tantopere
606 1928 741 1992 interae
756 1949 831 1992 cum
845 1926 990 1991 maxima
1003 1926 1119 1991 mundi
1222 1929 1286 2007 380

215 2039 364 2116 pugnent
384 2031 537 2108 membra,
558 2030 612 2116 pio
634 2051 841 2115 nequaquam
858 2030 984 2094 concita
1005 2029 1098 2107 bello,

216 2156 324 2199 nonne
347 2134 438 2199 vides
463 2134 607 2219 aliquam
632 2135 720 2220 longi
746 2134 933 2200 certaminis
956 2133 1027 2199 ollis

215 2259 309 2324 posse
326 2237 396 2302 dari
416 2237 538 2302 fineml
566 2237 619 2302 vel
644 2259 719 2302 cum
743 2236 791 2301 sol
815 2246 850 2303 et
872 2259 972 2324 vapor
991 2237 1095 2302 omnis

218 2341 369 2405 omuibus
396 2341 500 2425 epotis
526 2340 694 2405 umoribus
717 2342 962 2426 exsuperarint:

217 2443 303 2529 quod
318 2443 422 2508 facere
437 2442 622 2520 intendunt,
636 2465 743 2528 neque
758 2443 866 2509 adhuc
880 2453 997 2510 conata
1009 2457 1197 2532 patrantur:
1224 2451 1264 2529 38
1268 2464 1283 2530 5

217 2557 348 2612 tantum
371 2546 586 2633 suppeditant
610 2569 722 2612 amnes
748 2548 900 2634 ultraque
922 2549 1090 2617 minantur

217 2652 326 2716 omnia
348 2650 506 2716 diluviare
530 2673 571 2716 ex
597 2651 664 2716 alto
688 2652 817 2737 gurgite
839 2654 940 2739 ponti,

218 2755 426 2842 nequiquam,
450 2755 606 2840 quoniam
627 2764 794 2821 verrentes
815 2778 955 2842 aequora
975 2758 1066 2822 venti

218 2857 415 2924 deminuunt
437 2857 601 2945 radiisque
628 2868 779 2925 retexens
805 2861 968 2926 aetherius
991 2863 1047 2940 sol,

218 2969 253 3028 et
278 2964 395 3027 nccare
420 2962 512 3047 prius
535 2961 703 3028 confidunt
731 2964 841 3030 omnia
863 2986 956 3050 posse
1225 2984 1290 3051 390

219 3085 319 3150 quam
345 3064 450 3149 liquor
473 3064 596 3150 incepti
620 3066 723 3151 possit
746 3067 933 3152 contingere
956 3067 1063 3132 finem.

219 3174 350 3231 tantum
373 3167 532 3253 spirantes
556 3190 661 3253 aequo
687 3168 866 3234 certamine
892 3169 1015 3234 bellum

218 3272 345 3357 magnis
365 3271 450 3338 aar
469 3293 504 3339 ae
524 3272 565 3337 de
591 3274 688 3339 rebus
711 3295 841 3339 cernere
865 3281 999 3350 certant,

219 3396 294 3439 cum
319 3375 421 3440 semel
446 3375 571 3441 interea
596 3376 695 3442 fuerit
721 3377 925 3462 superantior
948 3376 1033 3461 ignis

219 3488 254 3546 et
279 3481 387 3561 semel,
411 3488 450 3546 ut
475 3480 563 3545 fama
588 3489 646 3558 est,
677 3503 771 3545 umor
796 3479 941 3565 regnarit
964 3480 998 3543 in
1021 3479 1116 3545 arvis.
1227 3494 1286 3563 395

219 3583 304 3670 ignis
329 3584 418 3649 enim
443 3592 575 3669 superat
598 3591 633 3648 et
656 3583 804 3648 lambens
827 3581 934 3646 multa
956 3582 1103 3667 perussit,

220 3687 294 3751 avia
316 3709 391 3753 cum
414 3688 622 3753 Phaethonta
650 3709 750 3773 rapax
765 3686 825 3751 *vis
848 3686 924 3751 solis
948 3708 1104 3773 equorum

220 3792 352 3858 aethere
376 3793 520 3879 raptavit
543 3801 613 3858 toto
635 3800 802 3877 terrasque
825 3813 884 3877 per
910 3791 1022 3857 omnis.

220 3901 256 3960 at
276 3904 371 3981 pater
392 3895 597 3982 omnipotens
619 3894 668 3959 ira
689 3902 763 3958 tum
786 3894 928 3979 percitus
950 3893 1015 3960 acri

130 4068 227 4118 turult.
325 4070 373 4121 ter
389 4079 474 4121 coorta
485 4071 550 4120 Mar.
562 4070 644 4121 Aldl
660 4072 735 4122 sunt.
748 4072 906 4135 lorcopertu.
1004 4071 1053 4122 868
1070 4072 1197 4122 Gornme.
1228 4071 1290 4120 Pro·

131 4165 204 4201 ruere
219 4149 311 4200 hamb.
328 4153 377 4201 etc.
477 4153 525 4201 382
553 4156 696 4204 murrinis
712 4156 770 4203 ollis
788 4153 857 4204 Flor.
867 4155 898 4203 31
915 4153 1005 4204 (lamb.
1022 4154 1088 4204 Mar.
1104 4154 1144 4202 tor
1160 4155 1291 4203 cummim

132 4233 202 4282 solia
246 4255 250 4260 ·
301 4231 350 4280 386
365 4233 491 4294 alatque
524 4227 761 4296 alaeque‘rloral
779 4234 868 4284 Oamb.
884 4235 948 4285 Mar.
960 4233 1029 4295 vulg.
1126 4234 1174 4282 893
1190 4234 1292 4282 iamne

133 4310 252 4363 inserted
261 4311 295 4374 by
305 4311 386 4363 Lech.
399 4312 495 4373 before,
505 4313 540 4377 by
550 4314 621 4364 Nico.
632 4314 701 4364 Flet.
710 4316 742 4364 ³1
754 4314 844 4366 (lamb.
856 4315 927 4365 Mon.
938 4313 1006 4376 vulg.
1018 4312 1084 4363 alter
1094 4314 1124 4361 de
1134 4313 1213 4361 reue.

168 4393 218 4444 396
234 4401 335 4455 capeat
348 4393 432 4459 (peri.)
445 4402 469 4444 et
480 4396 586 4445 loom
600 4393 679 4445 Iach.
696 4395 736 4445 for
748 4397 876 4459 asperavit
889 4402 914 4445 ct
927 4395 1033 4444 cmm.
1062 4393 1167 4441 lambras
1178 4391 1200 4440 Β
1212 4405 1291 4440 corn:
