3092 4984
690 301 739 366 VI

220 458 256 515 et
280 450 368 515 calor
389 459 556 515 extremus
577 449 684 536 primo
706 473 781 517 cum
803 451 920 539 frigore
941 454 1065 522 mixtus

221 557 375 634 volvitur,
398 557 549 622 autumni
572 556 659 642 quod
681 557 785 622 fertur
805 557 937 623 nomine
959 566 1097 645 tempus,

217 658 273 723 hic
295 682 424 745 quoque
446 659 627 745 confligrmt
648 659 773 725 hiemes
795 661 974 726 aestatibus
996 685 1093 729 aeres.

218 772 392 849 propterea
405 763 501 850 fretu
522 771 600 828 sunt
621 763 702 828 baec
724 765 803 828 anni
825 765 1060 845 nominitanda,

218 889 279 931 nec
300 868 459 945 mirumst,
482 867 517 931 in
540 889 578 933 eo
600 866 628 931 si
650 876 797 954 tempore
818 869 959 954 plurima
980 870 1066 937 fiunt
1227 889 1287 955 375

168 979 174 987 ’
218 969 358 1034 fulmina
378 977 621 1055 tempestasque
643 971 747 1036 cietur
767 973 900 1037 turbida
921 974 1018 1064 caelo,

218 1073 353 1159 ancipiti
375 1074 530 1159 quoniam
552 1074 639 1139 bello
661 1077 813 1141 turbatur
834 1073 1008 1163 utrimque,

217 1176 293 1242 hinc
316 1177 455 1242 flammis
477 1178 567 1242 illinc
588 1177 696 1242 ventis
718 1201 895 1263 umoreque
917 1181 1028 1247 mixto.

261 1280 335 1345 Hos
357 1288 406 1345 est
428 1279 557 1365 igniferi
578 1288 729 1344 naturam
751 1281 897 1346 fulminis
919 1283 1022 1368 ipsam

216 1383 397 1469 perspicere
419 1392 453 1448 et
475 1406 541 1469 qua
563 1383 596 1446 vi
617 1383 715 1448 faciat
736 1406 807 1448 rem
828 1407 991 1471 quamque
1013 1387 1131 1467 videre,
1224 1394 1289 1473 380

217 1511 284 1552 non
306 1488 473 1573 Tyrrhena
493 1496 580 1552 retro
602 1483 787 1553 volventem
809 1488 954 1554 carmina
974 1490 1095 1557 frustra

217 1589 338 1655 indicia
359 1590 502 1654 occultae
524 1590 637 1655 divum
660 1591 846 1676 perquirere
869 1593 998 1671 mentis,

217 1692 305 1757 unde
327 1693 438 1757 volans
455 1692 540 1778 ignis
562 1693 747 1779 pervenerit
768 1694 884 1760 autin
906 1702 1015 1761 utram
1037 1718 1072 1762 se

217 1798 352 1870 verterit
373 1798 450 1861 hinc
471 1797 601 1883 partim,
624 1819 690 1883 quo
711 1806 807 1884 pacto
830 1821 888 1885 per
908 1799 979 1864 loca
1000 1808 1113 1886 saepta

217 1899 398 1976 insinuarit,
422 1907 456 1965 et
478 1900 555 1964 hinc
576 1899 761 1965 dominatus
783 1908 822 1965 ut
845 1901 999 1966 extulerit
1021 1923 1064 1980 se,
1223 1906 1283 1986 385

217 2002 336 2087 quidve
361 2022 476 2066 nocere
498 2008 599 2086 queat
621 2000 661 2067 de
684 2002 773 2067 caelo
794 2001 941 2096 fulminis
962 2001 1057 2069 ictus.

217 2106 303 2191 quod
323 2105 351 2170 si
376 2104 526 2190 Iuppiter
547 2113 647 2189 atque
669 2104 725 2169 alii
747 2104 908 2190 fulgentia
928 2104 998 2170 divi

215 2210 356 2274 tem'fico
378 2209 533 2294 quatiunt
553 2208 662 2273 sonitu
685 2207 837 2273 caelestia
858 2208 983 2294 templa

215 2321 251 2378 et
271 2313 395 2380 iaciunt
417 2313 528 2399 ignem
549 2335 613 2398 quo
635 2312 804 2399 quoiquest
825 2333 965 2399 cumque
986 2312 1146 2400 voluptas,

214 2439 272 2482 cur
294 2418 411 2503 quibus
432 2418 601 2483 incautum
623 2416 727 2482 scelus
749 2417 927 2483 aversabile
950 2426 1120 2505 cumquest
1222 2437 1287 2504 390

214 2541 280 2585 non
302 2520 425 2586 faciunt
446 2519 503 2584 icti
524 2519 672 2584 flammas
693 2527 732 2583 ut
753 2519 890 2605 fulguris
911 2518 1025 2588 halent

213 2633 342 2710 pectore
363 2624 495 2711 perfixa,
518 2624 678 2688 documen
698 2624 891 2689 mortalibus
913 2647 995 2705 acre,

213 2738 248 2794 et
269 2730 378 2815 potius
400 2729 491 2794 nulla
513 2728 575 2794 sibi
597 2727 687 2813 turpi
709 2728 855 2793 conscius
876 2727 911 2793 in
934 2751 968 2793 re

213 2832 355 2897 volvitur
376 2833 412 2896 in
433 2830 573 2895 flammis
595 2829 747 2894 innoxius
768 2828 868 2915 inque
890 2829 1024 2916 peditur

212 2938 344 3003 turbine
366 2936 498 3002 caelesti
519 2934 627 3000 subito
649 2942 815 3020 correptus
837 2942 871 2999 et
893 2934 984 3020 ignit
1219 2948 1280 3017 395

213 3064 270 3106 cur
292 3041 392 3106 etiam
413 3041 483 3105 loca
504 3039 572 3104 sola
592 3046 711 3125 petunt
732 3039 916 3124 frustraque
937 3037 1108 3102 laborauit

213 3169 257 3211 an
279 3156 351 3211 turn
373 3145 523 3212 bracchia
543 3151 757 3209 consuescunt
779 3142 975 3227 firmantque
996 3141 1155 3207 lacertosf

213 3249 249 3313 iu
270 3257 420 3334 terraque
442 3247 543 3334 patris
565 3269 623 3312 cur
643 3245 748 3311 telum
770 3244 1001 3330 perpetiuntur

214 3351 373 3438 optundit
401 3374 458 3417 cur
478 3351 548 3437 ipse
569 3351 648 3415 sinit
670 3372 776 3435 neque
798 3348 903 3434 parcit
924 3347 959 3411 in
982 3346 1107 3411 hostisf

212 3456 353 3543 denique
375 3479 432 3522 cur
453 3477 632 3541 numquam
655 3454 743 3519 caelo
766 3453 844 3517 iacit
866 3451 1011 3537 undique
1033 3472 1115 3536 puro
1219 3467 1287 3530 400

213 3562 362 3648 Iuppiter
382 3563 419 3627 io
440 3569 539 3629 terras
560 3560 685 3624 fulmen
707 3558 897 3642 sonitusque
918 3553 1107 3644 profundit?

119 3791 249 3844 medeae
346 3793 396 3845 ³70
412 3807 452 3842 rer
467 3793 536 3841 torci·
549 3789 695 3841 reFlor.31
712 3788 802 3840 Oamb.
815 3788 898 3840 avit.
916 3790 956 3839 for
971 3789 1039 3839 iuter
1053 3803 1088 3839 re.
1121 3789 1189 3840 iuter
1204 3802 1230 3839 ae
1245 3804 1286 3840 rer

119 3875 183 3924 Ver.
195 3872 260 3924 Ven.
272 3872 338 3924 Mar.
349 3874 417 3936 vulg.
429 3872 510 3924 Iraeh.
521 3874 643 3936 stormy,
655 3886 685 3923 aa
696 3874 763 3922 inter
772 3887 798 3921 re
809 3870 833 3921 ie
844 3870 989 3934 metrically
999 3886 1049 3921 one
1059 3869 1138 3922 word
1235 3872 1285 3924 371

112 3959 191 4022 freta
209 3955 293 4007 added
307 3955 342 4018 by
358 3956 438 4006 Lech.
450 3958 520 4005 most
539 3955 649 4019 acutely.
682 3953 752 4003 Flor.
763 3952 894 4003 310amb.
910 3953 975 4003 Mar.
986 3952 1055 4015 vulg.
1068 3951 1118 4004 add
1136 3954 1203 4004 tello
1219 3952 1286 4004 after

120 4040 196 4088 haee.
294 4038 342 4088 375
357 4052 385 4086 eo
400 4037 461 4087 riB
478 4034 701 4087 corr.Lamb.for
715 4051 763 4085 eor.
796 4037 820 4085 ri
836 4038 865 4085 tu
879 4051 907 4085 eo
923 4037 961 4086 ric
977 4034 1067 4085 (lamb.
1080 4034 1146 4085 Mar.
1178 4037 1203 4083 ri
1217 4036 1285 4085 iaco

120 4117 285 4167 cambrane.
317 4119 341 4167 ri
356 4120 386 4167 io
403 4133 432 4168 co
449 4120 501 4167 iem
518 4117 680 4166 Pontdunt.
778 4116 828 4169 376
844 4118 925 4166 cietur
941 4118 1043 4166 turbido
1058 4115 1081 4164 B
1098 4130 1162 4166 corr.
1174 4115 1245 4165 Flor.
1253 4113 1285 4164 a1

120 4198 213 4250 Gemb.
230 4198 304 4248 Brix.
321 4199 362 4248 for
380 4202 418 4249 cie
435 4200 547 4248 turbido.
645 4200 693 4248 382
710 4199 799 4247 memte
817 4197 928 4248 Flet-,81
949 4196 1039 4247 (lamb.
1058 4197 1142 4247 Nat.
1160 4196 1226 4246 Mer.
1246 4195 1288 4245 for

119 4283 208 4331 menri.
308 4280 357 4330 884
374 4281 432 4330 tine
443 4277 848 4339 Mnr.Ireah.forbtc,arin88.
946 4281 1204 4342 esequoquorqoea.
1237 4292 1287 4339 quo

122 4366 216 4428 cuque
232 4369 270 4413 ert
286 4361 396 4413 Flor.31
415 4361 505 4415 Camb.
516 4361 583 4412 Mar.
597 4363 648 4413 etc.
661 4361 702 4413 for
718 4377 767 4426 quo
780 4363 887 4426 inquere.
936 4362 1052 4422 voluptas
1068 4358 1143 4408 June.
1157 4358 1215 4407 first
1232 4357 1289 4422 (not

1099 4451 1200 4517 18-r
